3154 5252
791 427 985 490 ...2-

312 599 465 667 Socrates
492 598 533 664 de
551 593 651 663 ‘bono
674 619 712 662 aa
735 590 856 685 pulcro'
881 597 1028 662 notiones
1056 597 1177 680 hausit,
1206 620 1261 662 eas
1289 621 1370 685 quas
1392 599 1471 665 divi·

313 727 374 769 nus
396 702 450 768 ille
471 701 565 768 Plato
586 699 731 766 idearum
755 697 901 765 doctrina
922 699 1095 765 illustravit
1116 709 1150 764 et
1172 701 1361 784 celebravit,
1384 701 1470 768 unde

314 805 505 873 Aristoteles
528 812 634 869 mente
657 802 786 890 quidem
815 801 924 867 sobria
946 801 1002 866 sed
1031 801 1233 890 experientia
1255 813 1350 870 acuta
1371 803 1470 891 philo-

312 906 470 995 sophandi
500 905 585 995 cepit
611 905 748 971 initium.
798 901 862 982 Qui
893 903 1023 992 quidem
1053 905 1114 970 viri
1142 905 1217 971 licet
1243 915 1352 971 nostro
1380 929 1469 972 more

313 1008 471 1076 educandi
492 999 671 1074 doctrinam
693 1028 754 1072 nec
780 1005 973 1072 tradiderint
1001 1029 1062 1072 nec
1085 1010 1214 1074 omnino
1238 1008 1469 1095 quaesiverint:

310 1122 532 1179 verumtamen
548 1111 746 1199 exipsorum
769 1109 893 1192 animis,
916 1108 1096 1175 Aristotelis
1118 1111 1330 1199 potissimum,
1353 1111 1469 1176 summi

312 1215 511 1304 antiquitatis
534 1211 725 1304 philosophi,
751 1210 907 1277 educandi
929 1211 1187 1302 instituendique*
1200 1213 1339 1281 rationes
1355 1213 1396 1279 ad
1410 1236 1468 1278 nos

312 1326 517 1399 emanarunt,
546 1337 629 1405 quae
651 1315 787 1381 multum
810 1314 902 1380 abest
923 1325 958 1380 ut
980 1325 1102 1380 temere
1125 1317 1187 1381 sint
1209 1317 1327 1400 dictae,
1360 1326 1396 1382 ut
1416 1339 1470 1380 va-

311 1420 398 1485 leant
426 1442 500 1485 cum
526 1419 562 1482 in
589 1417 635 1481 eis
657 1439 741 1504 quae
771 1417 812 1481 ad
844 1415 1002 1482 educandi
1029 1426 1131 1484 artem
1159 1419 1300 1485 maxime
1322 1428 1470 1506 spectant

312 1522 501 1608 fragmentis
524 1529 593 1586 tum
614 1520 646 1584 in
670 1520 816 1585 omnibus
832 1519 1007 1605 Stagiritae
1024 1519 1160 1607 scriptis,
1182 1521 1378 1609 ubicumque
1400 1543 1470 1586 sen·

311 1624 419 1688 tentiis
448 1644 531 1710 quae
559 1622 600 1688 ad
632 1623 794 1709 agendum
821 1621 984 1709 pertinent
1016 1623 1224 1688 occurrimus.
1273 1625 1343 1690 Has
1372 1647 1470 1712 quam

310 1725 403 1790 brevi
424 1725 494 1791 fieri
515 1724 635 1812 poterit
657 1725 826 1790 enucleare
849 1733 977 1791 nostrae
992 1726 1255 1792 commentationi
1269 1727 1469 1815 propositum

310 1827 476 1892 habemus.
526 1826 623 1908 Quod
656 1849 729 1892 cum
757 1828 916 1894 conficere
942 1850 1133 1894 conaremur
1159 1829 1199 1894 ab
1233 1830 1469 1897 universalibus
1533 1841 1535 1844 ’

312 1929 426 2016 quibus
454 1928 630 2016 singularia
651 1928 1043 1997 continentur-exordium
1064 1931 1157 1998 nobis
1185 1931 1371 1999 faciundum
1399 1957 1468 1999 esse

310 2033 508 2121 putavimus,
537 2031 648 2097 uthis
675 2031 809 2119 singulis
831 2032 1002 2100 Aristotele
1031 2033 1112 2100 duce
1140 2035 1284 2100 tractatis
1308 2057 1348 2100 ex
1371 2059 1467 2123 opere

312 2133 352 2200 ad
374 2135 471 2201 finem
493 2134 649 2222 perducto
673 2143 741 2200 tota
762 2157 814 2200 res
836 2136 975 2224 perspici
998 2145 1116 2224 posset.
