3156 5246
603 437 828 502 4101·-

224 610 367 678 Msdium
392 607 544 697 quiddam
566 608 650 674 iuter
669 615 735 672 tras
751 605 933 694 disciplinas
949 606 1176 676 mathematica
1198 620 1295 699 tenet,

142 736 216 804 qua,
237 713 371 780 materia
392 711 517 792 relicta,
540 731 674 796 corpora
695 732 760 774 non
783 709 844 776 nisi
867 709 908 774 ad
931 709 1051 774 formas
1074 711 1159 798 quod
1182 717 1297 782 attinet

141 816 271 884 tractari
286 815 445 896 videntur,
459 811 656 899 cogitatione
671 812 849 878 nimirums
862 820 950 876 motu
966 835 1048 898 quae
1063 811 1208 882 seiuncta
1223 831 1297 902 sunt

143 917 302 1006 (χωριστὰ
324 921 366 1008 τῇ
387 911 501 1004 νοήσει
517 910 692 1004 κινήσεως)
714 915 767 978 vel
784 914 889 1000 potius
905 914 1029 1001 seiungi
1045 930 1179 1004 possunt
1200 919 1295 1002 (Met

139 1023 162 1088 l.
178 1023 199 1088 l.
216 1022 289 1088 coll.
305 1021 364 1097 VI,
381 1024 408 1086 1.
427 1019 537 1084 102612
549 1019 666 1082 7-152
682 1016 754 1084 ἔστι
767 1015 825 1083 καὶ
839 1010 858 1104 ἦ
874 1016 1092 1106 μαθηματικῇ
1108 1021 1297 1112 θεωρητική

141 1171 152 1191 .
168 1171 177 1190 .
194 1119 250 1191 ὅτι
268 1121 384 1205 μέντοι
405 1121 479 1190 ἔνιοι
492 1114 681 1208 μαθήματα
701 1106 724 1208 ᾗ
740 1114 877 1206 ἀκίνητα
890 1119 947 1186 καὶ
960 1109 984 1209 ᾖ
996 1121 1142 1208 χωριστὰ
1162 1129 1297 1215 θεωρεῖ,

140 1227 271 1313 δῆλον).
307 1225 412 1312 [Quae
426 1225 544 1290 ibidem
567 1224 674 1312 paullo
689 1232 763 1311 post
776 1223 930 1308 leguntur
950 1227 987 1305 (a
1005 1225 1058 1305 14)
1083 1245 1124 1290 ex
1140 1231 1299 1298 contrario

142 1327 230 1394 dieta
251 1329 413 1394 videntur:
434 1331 493 1414 τῆς
515 1327 554 1396 dd
575 1327 810 1412 μαθηματικῆς
832 1323 905 1392 ἔνια
926 1324 1004 1410 περὶ
1019 1320 1155 1414 ἀκίνητοι
1176 1331 1237 1414 μὲν
1259 1329 1299 1402 οὔ

140 1429 287 1518 χωριστὰ
303 1425 442 1512 δ’ἴσως,
466 1425 538 1497 ἀλλ’
562 1423 608 1509 ὡς
628 1427 663 1496 ἐν
684 1425 758 1516 ὕλῃ.
795 1429 842 1492 At
863 1428 943 1493 nibil
964 1429 1070 1495 inesse
1093 1436 1298 1518 contrarium,
1342 1433 1344 1438 ’
1422 1507 1426 1516 ,

144 1534 345 1622 expositione
366 1535 439 1600 libri
454 1535 543 1600 XIII
559 1533 626 1615 (M)
649 1529 766 1596 collata
779 1530 873 1596 facile
887 1530 1065 1617 intelleges.
1105 1533 1201 1613 Quod
1222 1561 1299 1605 vero

144 1646 182 1702 ut
203 1637 381 1703 accuratius
403 1638 463 1703 hoe
491 1638 561 1704 loeo
592 1633 783 1722 expediatur
813 1655 832 1696 a
858 1632 951 1698 nobis
978 1634 1091 1700 abesse
1119 1635 1230 1722 debet,
1259 1663 1301 1706 ne

146 1739 342 1826 aproposito
363 1739 490 1826 longius
513 1738 677 1804 discedere
700 1731 925 1822 videamur]²)‚
954 1735 1000 1800 At
1022 1737 1161 1823 pertinet
1183 1741 1246 1806 hue
1268 1741 1302 1807 id

150 1839 235 1928 quod
256 1865 353 1930 supra
373 1841 590 1930 quaerebatur
612 1842 649 1922 (ξ
666 1839 736 1920 46),
759 1836 846 1902 unde
868 1859 949 1924 puer
970 1841 1214 1908 mathematicus
1237 1845 1303 1931 qui-

146 1943 220 2008 dem
242 1945 325 2010 effici
347 1955 472 2032 posset,
499 1945 628 2031 sapiens
656 1950 710 2005 aut
736 1940 888 2027 physicus
914 1963 979 2005 non
1006 1951 1115 2028 posset
1144 1943 1236 2028 (Etb.
1258 1947 1303 2012 N.
1354 2005 1361 2034 ,

147 2042 206 2127 VI,
220 2048 252 2111 9.
278 2047 474 2129 1142a.18):
496 2039 518 2132 ἢ
540 2041 592 2112 ὅτι
613 2042 656 2110 ad
677 2043 737 2126 μὲν
758 2037 802 2108 ds'
822 2038 1033 2130 ἄφαιρέοεώς
1055 2042 1157 2127 ἐστιν,
1180 2050 1246 2113 τῶν
1268 2043 1301 2116 d'

147 2142 185 2212 ui
212 2142 311 2231 ἀρχοὶ
338 2145 375 2226 ἐξ
396 2144 584 2235 ἐμπειρίας·
614 2145 670 2213 καὶ
701 2144 744 2212 roi
770 2143 832 2227 μὲν
860 2139 899 2211 οὐ
927 2141 1144 2214 πιστεύουσιν
1172 2145 1205 2215 oi
1229 2149 1303 2218 νέοι

150 2242 237 2316 ἀλλὰ
258 2248 417 2337 λέγουσιν,
439 2251 506 2315 τῶν
528 2249 565 2317 dd
584 2247 623 2316 τὸ
646 2244 680 2314 τί
701 2247 790 2315 ἐστιν
812 2239 873 2315 oria
890 2239 1024 2334 ὄέὄηλον.
1069 2251 1199 2340 Quippe
1220 2273 1303 2340 quae

148 2353 353 2439 experientia
379 2353 508 2441 quidem
535 2353 640 2418 minus
668 2361 762 2439 egeat
788 2353 1013 2418 mathematica
1036 2353 1217 2442 disciplina,
1245 2377 1304 2442 per

148 2454 400 2522 abstractionem
426 2477 506 2521 vero
534 2456 591 2540 (ab
619 2455 689 2520 aliis
716 2453 866 2522 nimirum
894 2455 1100 2544 fortuitisque
1121 2479 1229 2522 rerum
1251 2481 1305 2522 no·

147 2555 206 2640 tis)
229 2555 388 2645 singulam
403 2559 539 2624 formam
564 2553 612 2641 (τί
626 2555 740 2641 ἐστιν),
764 2567 928 2644 tamquam
948 2558 1158 2624 substantiam
1177 2595 1219 2608 --
1238 2579 1303 2624 non

146 2681 183 2724 re
205 2681 284 2725 vera
305 2661 363 2727 sed
385 2661 576 2750 cogitatione
599 2661 702 2727 solum
725 2683 766 2726 ex
787 2659 1107 2726 rebus'sensibilibus
1129 2661 1305 2727 seiunctam

149 2763 239 2845 (Met.
253 2763 343 2829 XIII
358 2765 431 2847 (Μ),
447 2765 482 2846 2)
500 2799 537 2811 -
553 2774 644 2829 tanta
665 2762 895 2852 perspicuitate
917 2770 992 2825 ante
1006 2763 1116 2828 oculos
1137 2775 1247 2851 ponat,
1268 2777 1305 2830 ut

150 2887 193 2930 ex
212 2887 364 2932 sensuum
386 2865 549 2932 evidentis
573 2867 670 2954 etiem
692 2866 822 2955 puerilis
850 2864 946 2930 animi
969 2863 1189 2952 intellegentia
1211 2867 1305 2933 facile

150 2967 353 3055 percipiatur.
409 2967 490 3034 Inde
512 2968 597 3034 enirn
619 2969 797 3058 repetenda
823 2975 872 3032 est
897 2965 1137 3034 demonstrandi
1159 2969 1218 3054 vis,
1241 2989 1305 3059 qua

149 3080 272 3138 tantum
288 3073 329 3137 ed
344 3070 604 3159 persuadendum
626 3071 714 3136 valet
728 3071 955 3136 mathematica
976 3070 1152 3158 disciplina.
1165 3109 1206 3151 ,-
1219 3072 1307 3139 Sane

150 3173 237 3238 aliud
259 3174 388 3239 videtur
409 3173 593 3239 inductione
616 3171 691 3254 (dcci
712 3175 771 3260 τῆς
791 3169 982 3261 ἐπαγωγῆς)
1003 3174 1083 3256 fieri,
1106 3173 1191 3239 unde
1212 3173 1306 3240 nobis

151 3275 331 3341 evidentior
352 3273 615 3363 (ἔναργὲσιερος)
640 3285 710 3342 esse
734 3276 850 3342 dicitur
877 3279 957 3358 (An.
980 3299 1033 3361 po.
1057 3277 1107 3356 II,
1131 3274 1172 3338 23
1195 3278 1305 3358 extr.).

149 3377 223 3443 Nee
249 3376 356 3444 denuo
383 3379 560 3444 monuerim
592 3379 654 3444 nisi
681 3389 718 3444 ut
744 3378 892 3466 probem,
923 3383 1077 3462 quantum
1104 3374 1225 3441 Noster
1251 3377 1305 3442 vel

151 3479 249 3544 etiam
271 3479 304 3545 in
326 3479 461 3548 diversis
483 3481 580 3547 rebus
602 3481 699 3546 fidem
722 3480 783 3546 sibi
805 3479 902 3545 ducat
918 3500 959 3542 ex
974 3499 1125 3543 sensuum
1147 3477 1308 3544 evidentia

87 3667 90 3676 y
153 3579 331 3667 collectam,
350 3583 405 3670 qui
419 3583 441 3648 1.
457 3583 478 3646 I.
502 3581 593 3666 (Est.
608 3583 667 3665 VI,
684 3584 704 3648 9
720 3583 819 3664 extr.)
842 3581 944 3668 ipsam
959 3581 1074 3646 mentis
1089 3580 1306 3666 agitationem,

153 3705 226 3750 eam
249 3707 313 3772 qua
333 3684 449 3772 agendi
471 3683 544 3749 finis
567 3685 765 3772 concipiatur
793 3675 985 3772 (φρόνησις)
1014 3684 1055 3749 ad
1078 3679 1241 3770 αἴσθησιν
1261 3703 1309 3746 re·

151 3785 283 3868 ferar).
308 3821 345 3834 -—
369 3787 430 3852 Est
452 3796 621 3873 praeterea
641 3787 675 3852 in
696 3798 812 3852 nature
832 3785 926 3851 huius
948 3785 1135 3873 disciplinae
1157 3785 1307 3872 positum,

152 3898 190 3954 ut
215 3887 429 3955 construendo
453 3909 491 3952 ea
518 3911 600 3976 quse
626 3911 722 3978 porro
746 3887 971 3977 cognoscenda
993 3887 1208 3974 discendeque
1234 3899 1309 3953 sunt

153 3991 187 4057 in
209 4014 318 4060 rerum
342 3989 541 4075 cognitarum
564 3992 655 4078 quasi
678 3991 779 4056 firmis
804 3991 977 4077 solidisque
998 3989 1212 4056 fundamentis
1234 4013 1307 4056 cum

154 4115 252 4181 supra
274 4097 312 4180 (ξ
326 4093 383 4174 39)
407 4091 500 4158 dictis
521 4093 712 4180 aprineipio
728 4094 899 4158 conveniat
922 4093 1021 4180 (Tap.
1038 4092 1096 4175 VI,
1111 4095 1158 4175 4).
1197 4091 1304 4171 Quam

154 4256 354 4270 *Qu——
375 4256 381 4262 ·

229 4341 249 4405 ¹)
267 4343 304 4393 Gt.
318 4343 350 4394 de
361 4359 403 4395 an.
413 4343 434 4405 1,
444 4340 468 4393 1.
482 4341 614 4410 tost113
628 4343 659 4394 de
671 4350 737 4409 pert.
750 4344 858 4409 an.1,1.
872 4343 946 4398 641ι
956 4345 989 4398 10
1002 4345 1227 4412 (Trendclanburg
1239 4361 1261 4396 a.
1275 4344 1307 4396 de

157 4447 197 4482 an.
211 4429 260 4492 111,
272 4428 291 4482 4
302 4431 327 4492 (S
340 4431 374 4494 6).
387 4429 462 4485 429ιι
477 4431 511 4486 18
524 4446 577 4499 sq.;
591 4431 686 4482 Bonita
698 4448 721 4482 a.
735 4431 796 4482 Met.
811 4432 876 4483 XIII
890 4433 947 4498 (Μ),
961 4432 996 4497 3).

229 4515 249 4581 ¹)
269 4514 306 4566 Cf.
321 4517 350 4580 tt
364 4515 398 4572 38
411 4535 430 4572 s.
444 4520 461 4572 t
475 4519 510 4574 39
523 4535 543 4572 s.
556 4521 573 4571 t.
592 4517 664 4584 (soil.
676 4519 863 4587 Paraphrastes
876 4537 899 4572 a.
913 4522 930 4573 l.
944 4522 962 4573 t.
979 4521 1044 4587 zell,
1058 4523 1083 4572 ΙΙ
1096 4538 1122 4587 p.
1134 4517 1185 4574 ‘2⁴25
1199 4520 1265 4586 sqq.)
