3154 5252
605 457 641 469 -
697 422 813 485 9-

125 594 375 686 praestandiqua
401 592 588 660 facultatem
617 592 735 678 civium
765 591 985 679 unusquisque
1015 602 1206 660 consecutus
1228 605 1286 678 est,

126 701 233 782 totius,
256 719 396 787 quocum
419 694 505 762 civili
521 694 702 761 continetur
717 695 942 760 conciliatione
965 695 1099 776 (Polv
1121 693 1241 783 [VIII]‚
1269 702 1283 762 1

125 804 200 870 coll.
217 802 291 883 1‚2.
309 799 420 868 125311
435 800 477 865 26
492 822 557 886 sq.;
579 797 638 880 IV,
654 798 704 862 13.
725 798 835 862 133211
848 797 891 861 32
906 799 994 884 sqq.)
1017 797 1082 862 vim
1098 799 1287 885 potentiam·

124 929 190 994 que
224 903 447 992 conplectitur.
503 901 688 986 Utrumque
715 922 793 964 vero
821 898 998 964 secundum
1028 921 1099 966 eam
1125 902 1162 966 fit
1184 901 1287 990 dispo-

123 1009 251 1074 sitionis
280 1015 313 1072 et
335 1004 570 1092 conpositionis
601 1003 772 1084 rationem,
800 1025 864 1088 qua
890 1001 961 1066 fieri
987 1004 1142 1088 potuerit,
1170 1015 1207 1072 ut
1233 1007 1287 1071 alii

124 1111 207 1177 alios
234 1108 375 1176 vicissim
405 1107 490 1172 iuter
517 1129 551 1172 se
578 1106 771 1172 sustinentes
799 1103 891 1191 quasi
919 1103 1064 1169 membra
1087 1105 1232 1193 dispersa
1252 1110 1287 1175 in

124 1235 226 1280 unum
250 1234 369 1298 corpus
396 1211 530 1276 collecta
552 1209 593 1274 ad
619 1230 719 1272 unum
746 1206 947 1292 eundemque
969 1205 1066 1272 finem
1088 1210 1288 1295 propositum

125 1317 166 1399 (l.
179 1316 200 1381 l.
212 1340 241 1381 c.
259 1314 300 1380 15
314 1314 373 1395 in.)
390 1312 605 1400 expetendum
620 1309 737 1395 singuli
753 1316 786 1373 et
799 1307 942 1372 universi
956 1329 1069 1374 omnes
1085 1312 1302 1378 conveniant..

125 1419 192 1483 Est
218 1425 327 1482 autem
353 1416 434 1481 haec
459 1424 525 1479 tam
556 1413 666 1500 gravis
694 1433 791 1497 quem
819 1410 950 1498 propria
970 1410 1083 1476 Nostri
1116 1417 1287 1494 sententia,
1315 1483 1317 1494 ‚

129 1541 198 1605 qua
220 1541 292 1583 cum
314 1517 353 1582 ab
381 1516 449 1582 aliis
470 1525 539 1583 tum
569 1516 666 1580 etiam
694 1535 713 1577 a
735 1512 903 1578 Platonica
929 1505 1037 1578 differt
1063 1514 1111 1579 rei
1138 1516 1287 1603 publicae

131 1619 288 1685 doctrina.
332 1618 403 1698 Qua
429 1619 462 1684 in
492 1643 528 1686 re
561 1617 702 1706 positum
731 1615 820 1682 videt
848 1616 1039 1682 Aristoteles
1071 1616 1149 1682 illud
1183 1621 1287 1685 omnis

133 1721 274 1786 omnium
296 1723 452 1788 bonorum
475 1720 588 1809 copiae
609 1718 753 1805 nihilque
768 1728 937 1805 praeterea
951 1718 1145 1806 requirentis
1161 1722 1288 1788 eulmen

131 1816 256 1910 (πάσης
277 1820 396 1906 ἔχουσα
416 1823 524 1913 πέρας
544 1825 604 1911 τῆς
626 1816 850 1909 αὐταρκείας),
873 1822 963 1888 cuius
981 1821 1151 1906 desiderio,
1174 1833 1210 1890 ut
1225 1826 1289 1891 exi-

127 1933 193 1991 stat
215 1925 326 1994 civitas
349 1936 381 1992 et
402 1926 603 2015 perfectione
624 1933 661 1990 ut
683 1934 808 1991 constet
830 1925 981 1990 efficitur:
1010 1924 1120 1991 existit
1143 1928 1227 1994 enim
1250 1930 1290 1996 ci·

124 2028 212 2092 vitas
236 2066 272 2076 —
296 2038 333 2095 ut
354 2027 534 2095 dicitur-
555 2026 686 2092 vivendi
702 2026 807 2114 gratia
829 2029 905 2108 (rori
929 2025 986 2114 ζῆν
1008 2024 1141 2112 ἕνεκεν),
1165 2041 1290 2098 constat

123 2151 205 2196 vero
228 2130 311 2197 bene
332 2131 464 2197 vivendi
486 2129 591 2216 gratia
618 2119 719 2212 (οὖσα
746 2127 785 2196 δὲ
810 2120 932 2196 10ῦεῦ
955 2129 1041 2216 ζῆν);
1074 2130 1133 2197 tali
1160 2132 1289 2220 quidem

125 2232 215 2319 quali
236 2233 385 2300 omnibus
408 2233 530 2300 viribus
552 2231 737 2297 excolendis
759 2233 883 2299 ratione
906 2243 1111 2321 comparetur
1125 2235 1211 2317 (Pol.
1227 2236 1290 2318 1‚2

127 2335 266 2419 1.l.111,
282 2337 315 2402 o.
339 2336 447 2401 rasso
466 2335 504 2402 19
520 2336 594 2422 sq.).

215 2542 245 2607 4.
267 2541 383 2630 Itaque
405 2540 545 2606 essentia
568 2549 600 2605 et
622 2540 802 2606 constantia
824 2541 962 2607 civitatis
984 2541 1017 2607 in
1031 2541 1105 2624 -tine
1126 2545 1288 2632 proposito

129 2644 309 2710 consistunt
324 2644 409 2727 (Pol.
422 2643 486 2725 111,
501 2644 531 2707 9.
549 2639 660 2709 128οα
674 2643 714 2706 31
731 2645 809 2729 sq.).
832 2643 944 2710 Unum
958 2665 1035 2710 vero
1052 2648 1180 2713 omnino
1193 2647 1290 2713 finem

126 2745 272 2834 positum
294 2768 365 2812 esse
388 2745 541 2812 docemur
562 2743 712 2809 nimirum
735 2755 767 2809 et
789 2746 928 2812 civitatis
951 2751 1112 2813 communi
1136 2758 1167 2814 et
1186 2750 1292 2837 singu·

126 2848 184 2930 lis,
208 2858 307 2936 atque
328 2871 429 2914 unum
451 2846 633 2914 necessario
661 2845 741 2912 illud
770 2847 889 2915 bonum
912 2871 983 2916 esse
1005 2875 1079 2918 cum
1100 2852 1218 2939 singuli
1238 2853 1293 2918 ho·

128 2951 317 3017 miniatum
345 2950 441 3016 totius
467 2950 665 3037 singulorum
694 2953 946 3018 communitatis:
979 2955 1024 3020 ita
1049 2963 1173 3037 tamen,
1201 2955 1291 3020 utin

96 3108 99 3118 .
129 3053 192 3118 hac
213 3053 310 3140 longe
338 3054 433 3118 etiam
457 3052 558 3118 maius
581 3061 614 3116 et
640 3051 782 3137 pulcrius
805 3064 837 3119 et
860 3055 998 3122 divinius
1019 3057 1224 3124 efflorescere
1245 3079 1294 3122 so·

131 3157 262 3244 lumque
284 3155 396 3250 perfici
418 3155 530 3242 possit,
557 3154 645 3241 quod
665 3153 711 3220 illi
733 3156 898 3244 proprium
921 3160 962 3223 sit
983 3182 1003 3223 a
1024 3171 1140 3227 natura
1162 3159 1293 3225 attribu·

134 3260 232 3341 tum¹)
255 3259 347 3341 (Eth.
363 3259 390 3341 Ι,
409 3261 436 3324 1.
463 3259 601 3323 109411
618 3261 718 3346 sqq.).
752 3259 851 3326 Unde
871 3262 1054 3327 necessario
1078 3262 1232 3347 sequitur,
1257 3269 1293 3325 ut

134 3359 179 3424 ad
200 3368 347 3448 optumae
363 3361 516 3448 cuiusque
532 3361 670 3426 civitatis
686 3383 809 3427 morem
824 3372 1035 3450 naturamque
1051 3355 1171 3450 (ἦθος)
1194 3362 1292 3427 etiam
1401 3420 1403 3426 .

130 3463 255 3550 optumi
277 3464 433 3550 cuiusque
456 3463 533 3528 civis
556 3457 712 3548 (πολίτης
734 3465 933 3548 σπουδαῖος)
955 3489 1024 3532 mos
1046 3475 1226 3553 naturaque
1249 3464 1293 3530 di·

126 3568 257 3654 rigatur
278 3565 366 3649 (Pol.
382 3566 412 3630 V
430 3564 551 3652 [V111],
570 3569 618 3648 1):
641 3575 737 3652 atque
760 3567 793 3632 in
815 3568 1023 3656 perfectione,
1048 3590 1112 3654 qua
1133 3567 1293 3655 gradatim

127 3670 300 3757 utriusque
321 3668 519 3755 praestantia
540 3691 579 3734 ao
602 3667 741 3754 dignitas
764 3670 988 3753 aestimantur,
1011 3679 1047 3735 ut
1069 3670 1147 3736 haec
1170 3670 1293 3757 optumi

127 3773 213 3838 civis
236 3770 387 3838 camilla
409 3770 485 3835 boni
507 3770 567 3835 viri
591 3763 689 3858 (ἀνὴρ
705 3765 854 3858 ἀγαθός)
879 3772 995 3839 debeat
1011 3773 1183 3839 convenire
1206 3773 1292 3853 (Pol.

125 3860 327 3958 111,‘18)¹).
363 3873 571 3961 Quapropter
584 3873 704 3939 Noster
728 3897 925 3942 summorum
948 3875 1105 3942 bonorum
1128 3885 1293 3942 auctorem

126 3978 229 4045 docet
250 3987 447 4065 optumeque
469 3977 510 4042 de
532 3976 714 4042 hominibus
736 3977 825 4044 illum
846 3977 997 4045 meritum
1017 3978 1130 4062 fuisse,
1155 3979 1209 4066 qui
1232 3980 1295 4066 pri-

126 4104 203 4148 mus
215 4080 361 4147 homines
372 4080 543 4168 dissipatos
555 4079 597 4145 ad
608 4078 744 4146 civitatis
757 4080 1026 4148 consociationem
1037 4081 1295 4174 congregaverit,

129 4184 229 4252 cuius
252 4207 371 4249 nervus
394 4183 506 4250 eitius
529 4191 562 4248 et
582 4182 716 4266 iustitia,
746 4184 900 4272 cuiusque
926 4185 1008 4253 ratio
1030 4187 1085 4252 lex
1114 4185 1200 4270 (Pol.
1223 4187 1252 4268 Ι,
1275 4180 1296 4248 2

207 4418 472 4484 ommmm

207 4505 716 4576 ammaummmma
