<?xml version="1.0" encoding="UTF-8"?>
<!DOCTYPE html PUBLIC "-//W3C//DTD XHTML 1.0 Transitional//EN"
    "http://www.w3.org/TR/xhtml1/DTD/xhtml1-transitional.dtd">
<html xmlns="http://www.w3.org/1999/xhtml" xml:lang="en" lang="en">
 <head>
  <title>
</title>
<meta http-equiv="Content-Type" content="text/html;charset=utf-8" />
  <meta name='ocr-system' content='tesseract 3.04.00' />
  <meta name='ocr-capabilities' content='ocr_page ocr_carea ocr_par ocr_line ocrx_word'/>
</head>
<body>
  <div class='ocr_page' id='page_1' title='image "./dearistotelisin00lefmgoog_0069.png"; bbox 0 0 3156 5246; ppageno 0'>
   <div class='ocr_carea' id='block_1_1' title="bbox 797 409 1003 475">
    <p class='ocr_par' dir='ltr' id='par_1_1' title="bbox 797 409 1003 475">
     <span class='ocr_line' id='line_1_1' title="bbox 797 409 1003 475; baseline 0 -13"><span class='ocrx_word' id='word_1_1' title='bbox 797 409 1003 475; x_wconf 78' lang='grc'>..56-</span> 
     </span>
    </p>
   </div>
   <div class='ocr_carea' id='block_1_2' title="bbox 321 574 1488 3757">
    <p class='ocr_par' dir='ltr' id='par_1_2' title="bbox 321 574 1488 3757">
     <span class='ocr_line' id='line_1_2' title="bbox 322 574 1485 672; baseline -0.001 -25"><span class='ocrx_word' id='word_1_2' title='bbox 322 582 363 647; x_wconf 81' lang='lat' dir='ltr'><strong>ad</strong></span> <span class='ocrx_word' id='word_1_3' title='bbox 386 583 528 650; x_wconf 89' lang='lat' dir='ltr'><strong>medium</strong></span> <span class='ocrx_word' id='word_1_4' title='bbox 552 585 581 649; x_wconf 90' lang='lat' dir='ltr'><strong>ei</strong></span> <span class='ocrx_word' id='word_1_5' title='bbox 603 584 804 672; x_wconf 86' lang='lat' dir='ltr'><strong>propositum</strong></span> <span class='ocrx_word' id='word_1_6' title='bbox 826 582 926 648; x_wconf 89' lang='lat' dir='ltr'><strong>veluti</strong></span> <span class='ocrx_word' id='word_1_7' title='bbox 954 580 1053 647; x_wconf 89' lang='lat' dir='ltr'><strong>telum</strong></span> <span class='ocrx_word' id='word_1_8' title='bbox 1076 581 1224 648; x_wconf 89' lang='lat' dir='ltr'><strong>collineet</strong></span> <span class='ocrx_word' id='word_1_9' title='bbox 1255 574 1414 668; x_wconf 76' lang='grc' dir='ltr'><strong>(μεσότης</strong></span> <span class='ocrx_word' id='word_1_10' title='bbox 1435 604 1485 659; x_wconf 82' lang='grc' dir='ltr'><strong>τις</strong></span> 
     </span>
     <span class='ocr_line' id='line_1_3' title="bbox 324 675 1485 776; baseline -0.002 -26"><span class='ocrx_word' id='word_1_11' title='bbox 324 680 396 773; x_wconf 83' lang='grc' dir='ltr'><strong>..ἡ</strong></span> <span class='ocrx_word' id='word_1_12' title='bbox 422 680 533 776; x_wconf 77' lang='grc' dir='ltr'><strong><em>ἀρετή,</em></strong></span> <span class='ocrx_word' id='word_1_13' title='bbox 557 681 753 774; x_wconf 79' lang='grc' dir='ltr'><strong><em>στοχαστική</em></strong></span> <span class='ocrx_word' id='word_1_14' title='bbox 778 708 814 772; x_wconf 76' lang='grc' dir='ltr'><strong>γε</strong></span> <span class='ocrx_word' id='word_1_15' title='bbox 837 675 923 752; x_wconf 80' lang='grc' dir='ltr'><strong><em>οὖσα</em></strong></span> <span class='ocrx_word' id='word_1_16' title='bbox 944 686 1005 750; x_wconf 73' lang='grc' dir='ltr'><strong>τοῦ</strong></span> <span class='ocrx_word' id='word_1_17' title='bbox 1026 680 1157 766; x_wconf 79' lang='grc' dir='ltr'>μέσου).</span> <span class='ocrx_word' id='word_1_18' title='bbox 1199 685 1275 750; x_wconf 88' lang='lat' dir='ltr'><strong>Non</strong></span> <span class='ocrx_word' id='word_1_19' title='bbox 1300 685 1383 750; x_wconf 87' lang='lat' dir='ltr'><strong>enim</strong></span> <span class='ocrx_word' id='word_1_20' title='bbox 1408 683 1485 749; x_wconf 89' lang='lat' dir='ltr'><strong>satis</strong></span> 
     </span>
     <span class='ocr_line' id='line_1_4' title="bbox 324 786 1487 876; baseline -0.003 -23"><span class='ocrx_word' id='word_1_21' title='bbox 324 811 395 854; x_wconf 86' lang='lat' dir='ltr'><strong>esse</strong></span> <span class='ocrx_word' id='word_1_22' title='bbox 418 790 460 854; x_wconf 88' lang='lat' dir='ltr'><strong>ad</strong></span> <span class='ocrx_word' id='word_1_23' title='bbox 483 791 634 856; x_wconf 89' lang='lat' dir='ltr'><strong>virtutem</strong></span> <span class='ocrx_word' id='word_1_24' title='bbox 657 789 741 856; x_wconf 91' lang='lat' dir='ltr'><strong>oculi</strong></span> <span class='ocrx_word' id='word_1_25' title='bbox 769 786 997 876; x_wconf 87' lang='lat' dir='ltr'><strong>conplendam,</strong></span> <span class='ocrx_word' id='word_1_26' title='bbox 1027 786 1112 873; x_wconf 91' lang='lat' dir='ltr'><strong>quod</strong></span> <span class='ocrx_word' id='word_1_27' title='bbox 1141 787 1252 853; x_wconf 86' lang='lat' dir='ltr'><strong>videre</strong></span> <span class='ocrx_word' id='word_1_28' title='bbox 1266 788 1380 876; x_wconf 80' lang='lat' dir='ltr'>&#39;possit</span> <span class='ocrx_word' id='word_1_29' title='bbox 1407 786 1487 853; x_wconf 88' lang='lat' dir='ltr'><strong>eius·</strong></span> 
     </span>
     <span class='ocr_line' id='line_1_5' title="bbox 324 886 1485 978; baseline -0.003 -22"><span class='ocrx_word' id='word_1_30' title='bbox 324 914 387 978; x_wconf 90' lang='lat' dir='ltr'><strong>que</strong></span> <span class='ocrx_word' id='word_1_31' title='bbox 415 891 501 957; x_wconf 83' lang='lat' dir='ltr'><strong>acies</strong></span> <span class='ocrx_word' id='word_1_32' title='bbox 529 892 667 957; x_wconf 88' lang='lat' dir='ltr'><strong>videndo</strong></span> <span class='ocrx_word' id='word_1_33' title='bbox 698 901 887 958; x_wconf 81' lang='lat' dir='ltr'><strong>exacuatur:</strong></span> <span class='ocrx_word' id='word_1_34' title='bbox 921 898 1071 976; x_wconf 79' lang='lat' dir='ltr'><strong>oportere</strong></span> <span class='ocrx_word' id='word_1_35' title='bbox 1102 886 1197 954; x_wconf 86' lang='lat' dir='ltr'><strong>etiam</strong></span> <span class='ocrx_word' id='word_1_36' title='bbox 1226 913 1298 956; x_wconf 91' lang='lat' dir='ltr'><strong>eum</strong></span> <span class='ocrx_word' id='word_1_37' title='bbox 1326 891 1414 955; x_wconf 87' lang='lat' dir='ltr'><strong>bona</strong></span> <span class='ocrx_word' id='word_1_38' title='bbox 1442 888 1485 954; x_wconf 91' lang='lat' dir='ltr'><strong>nti</strong></span> 
     </span>
     <span class='ocr_line' id='line_1_6' title="bbox 321 985 1486 1082; baseline 0 -24"><span class='ocrx_word' id='word_1_39' title='bbox 321 994 504 1060; x_wconf 88' lang='lat' dir='ltr'><strong>conditione</strong></span> <span class='ocrx_word' id='word_1_40' title='bbox 527 985 581 1079; x_wconf 78' lang='grc' dir='ltr'><strong>(εὖ</strong></span> <span class='ocrx_word' id='word_1_41' title='bbox 602 988 713 1078; x_wconf 72' lang='grc' dir='ltr'><em>ἔχειν),</em></span> <span class='ocrx_word' id='word_1_42' title='bbox 737 1016 842 1082; x_wconf 91' lang='lat' dir='ltr'><strong>neque</strong></span> <span class='ocrx_word' id='word_1_43' title='bbox 865 991 1028 1059; x_wconf 87' lang='lat' dir='ltr'><strong>nonsatis</strong></span> <span class='ocrx_word' id='word_1_44' title='bbox 1051 992 1148 1079; x_wconf 85' lang='lat' dir='ltr'><strong>longe</strong></span> <span class='ocrx_word' id='word_1_45' title='bbox 1171 1004 1380 1081; x_wconf 89' lang='lat' dir='ltr'><strong>conspectum</strong></span> <span class='ocrx_word' id='word_1_46' title='bbox 1403 995 1486 1059; x_wconf 80' lang='lat' dir='ltr'><strong>ferre</strong></span> 
     </span>
     <span class='ocr_line' id='line_1_7' title="bbox 322 1093 1485 1185; baseline -0.002 -25"><span class='ocrx_word' id='word_1_47' title='bbox 322 1119 382 1162; x_wconf 88' lang='lat' dir='ltr'><strong>nec</strong></span> <span class='ocrx_word' id='word_1_48' title='bbox 404 1097 498 1162; x_wconf 87' lang='lat' dir='ltr'><strong>nimis</strong></span> <span class='ocrx_word' id='word_1_49' title='bbox 521 1098 633 1185; x_wconf 91' lang='lat' dir='ltr'><strong>procul</strong></span> <span class='ocrx_word' id='word_1_50' title='bbox 656 1098 713 1179; x_wconf 87' lang='lat' dir='ltr'><strong>(cf.</strong></span> <span class='ocrx_word' id='word_1_51' title='bbox 730 1098 774 1162; x_wconf 90' lang='lat' dir='ltr'><strong>ib.</strong></span> <span class='ocrx_word' id='word_1_52' title='bbox 792 1120 820 1160; x_wconf 89' lang='lat' dir='ltr'><strong>c.</strong></span> <span class='ocrx_word' id='word_1_53' title='bbox 837 1096 857 1160; x_wconf 78' lang='lat'>5</span> <span class='ocrx_word' id='word_1_54' title='bbox 872 1095 941 1178; x_wconf 83' lang='lat' dir='ltr'><strong>in).</strong></span> <span class='ocrx_word' id='word_1_55' title='bbox 979 1095 1041 1159; x_wconf 79' lang='lat' dir='ltr'><strong>Est</strong></span> <span class='ocrx_word' id='word_1_56' title='bbox 1063 1093 1194 1181; x_wconf 90' lang='lat' dir='ltr'><strong>quidem</strong></span> <span class='ocrx_word' id='word_1_57' title='bbox 1217 1096 1361 1184; x_wconf 85' lang='lat' dir='ltr'><strong>aequalis</strong></span> <span class='ocrx_word' id='word_1_58' title='bbox 1385 1096 1485 1160; x_wconf 86' lang='lat' dir='ltr'><strong>ouius·</strong></span> 
     </span>
     <span class='ocr_line' id='line_1_8' title="bbox 323 1195 1485 1283; baseline -0.001 -20"><span class='ocrx_word' id='word_1_59' title='bbox 323 1199 396 1264; x_wconf 87' lang='lat' dir='ltr'><strong>dam</strong></span> <span class='ocrx_word' id='word_1_60' title='bbox 419 1200 505 1267; x_wconf 91' lang='lat' dir='ltr'><strong>notio</strong></span> <span class='ocrx_word' id='word_1_61' title='bbox 529 1199 584 1283; x_wconf 79' lang='lat' dir='ltr'><strong>(cd</strong></span> <span class='ocrx_word' id='word_1_62' title='bbox 607 1195 708 1282; x_wconf 77' lang='grc' dir='ltr'>ἴσον),</span> <span class='ocrx_word' id='word_1_63' title='bbox 731 1199 818 1265; x_wconf 91' lang='lat' dir='ltr'><strong>unde</strong></span> <span class='ocrx_word' id='word_1_64' title='bbox 841 1198 910 1264; x_wconf 85' lang='lat' dir='ltr'><strong>fi&#39;eri</strong></span> <span class='ocrx_word' id='word_1_65' title='bbox 934 1197 1044 1280; x_wconf 88' lang='lat' dir='ltr'><strong>debet,</strong></span> <span class='ocrx_word' id='word_1_66' title='bbox 1071 1206 1107 1262; x_wconf 92' lang='lat' dir='ltr'><strong>ut</strong></span> <span class='ocrx_word' id='word_1_67' title='bbox 1127 1195 1232 1280; x_wconf 79' lang='grc' dir='ltr'><strong><em>μέσον</em></strong></span> <span class='ocrx_word' id='word_1_68' title='bbox 1252 1222 1287 1264; x_wconf 77' lang='grc' dir='ltr'><strong>τι</strong></span> <span class='ocrx_word' id='word_1_69' title='bbox 1309 1199 1350 1262; x_wconf 88' lang='lat' dir='ltr'><strong>sit</strong></span> <span class='ocrx_word' id='word_1_70' title='bbox 1372 1197 1485 1279; x_wconf 82' lang='lat' dir='ltr'><strong>virtus,</strong></span> 
     </span>
     <span class='ocr_line' id='line_1_9' title="bbox 321 1293 1485 1393; baseline -0.001 -27"><span class='ocrx_word' id='word_1_71' title='bbox 321 1325 404 1393; x_wconf 86' lang='lat' dir='ltr'><strong>quae</strong></span> <span class='ocrx_word' id='word_1_72' title='bbox 426 1302 604 1390; x_wconf 87' lang='lat' dir='ltr'><strong>aequaliter</strong></span> <span class='ocrx_word' id='word_1_73' title='bbox 625 1303 710 1369; x_wconf 89' lang='lat' dir='ltr'><strong>inter</strong></span> <span class='ocrx_word' id='word_1_74' title='bbox 725 1300 955 1366; x_wconf 79' lang='lat' dir='ltr'><strong>abundantiam</strong></span> <span class='ocrx_word' id='word_1_75' title='bbox 979 1293 1199 1388; x_wconf 73' lang='grc' dir='ltr'><strong>(ὑπερβολήν)</strong></span> <span class='ocrx_word' id='word_1_76' title='bbox 1224 1311 1256 1367; x_wconf 91' lang='lat' dir='ltr'><strong>et</strong></span> <span class='ocrx_word' id='word_1_77' title='bbox 1272 1301 1485 1366; x_wconf 85' lang='lat' dir='ltr'><strong>defectionem</strong></span> 
     </span>
     <span class='ocr_line' id='line_1_10' title="bbox 324 1401 1487 1496; baseline 0 -27"><span class='ocrx_word' id='word_1_78' title='bbox 324 1401 508 1496; x_wconf 75' lang='grc' dir='ltr'><em>(ἔλλειψιν)</em></span> <span class='ocrx_word' id='word_1_79' title='bbox 533 1406 675 1472; x_wconf 90' lang='lat' dir='ltr'><strong>medium</strong></span> <span class='ocrx_word' id='word_1_80' title='bbox 698 1411 806 1470; x_wconf 89' lang='lat' dir='ltr'><strong>teneat</strong></span> <span class='ocrx_word' id='word_1_81' title='bbox 827 1403 945 1468; x_wconf 92' lang='lat' dir='ltr'><strong>locum.</strong></span> <span class='ocrx_word' id='word_1_82' title='bbox 969 1440 1010 1450; x_wconf 96' lang='lat'><em>-</em></span> <span class='ocrx_word' id='word_1_83' title='bbox 1033 1404 1106 1468; x_wconf 87' lang='lat' dir='ltr'><strong>Hoc</strong></span> <span class='ocrx_word' id='word_1_84' title='bbox 1129 1427 1206 1471; x_wconf 90' lang='lat' dir='ltr'><strong>vero</strong></span> <span class='ocrx_word' id='word_1_85' title='bbox 1229 1404 1387 1494; x_wconf 79' lang='lat' dir='ltr'><strong>duplicem</strong></span> <span class='ocrx_word' id='word_1_86' title='bbox 1417 1404 1487 1469; x_wconf 87' lang='lat' dir='ltr'><strong>dici·</strong></span> 
     </span>
     <span class='ocr_line' id='line_1_11' title="bbox 322 1501 1484 1596; baseline -0.001 -21"><span class='ocrx_word' id='word_1_87' title='bbox 322 1519 374 1575; x_wconf 86' lang='lat' dir='ltr'><strong>tur</strong></span> <span class='ocrx_word' id='word_1_88' title='bbox 396 1510 554 1575; x_wconf 88' lang='lat' dir='ltr'><strong>rationem</strong></span> <span class='ocrx_word' id='word_1_89' title='bbox 577 1509 711 1574; x_wconf 87' lang='lat' dir='ltr'><strong>habere:</strong></span> <span class='ocrx_word' id='word_1_90' title='bbox 735 1515 889 1596; x_wconf 89' lang='lat' dir='ltr'><strong>quantum</strong></span> <span class='ocrx_word' id='word_1_91' title='bbox 913 1505 1041 1594; x_wconf 90' lang='lat' dir='ltr'><strong>quidem</strong></span> <span class='ocrx_word' id='word_1_92' title='bbox 1057 1506 1108 1572; x_wconf 86' lang='lat' dir='ltr'><strong>vel</strong></span> <span class='ocrx_word' id='word_1_93' title='bbox 1124 1506 1283 1594; x_wconf 83' lang='lat' dir='ltr'><strong>adipeam</strong></span> <span class='ocrx_word' id='word_1_94' title='bbox 1306 1531 1375 1574; x_wconf 92' lang='lat' dir='ltr'><strong>rem</strong></span> <span class='ocrx_word' id='word_1_95' title='bbox 1400 1501 1484 1591; x_wconf 79' lang='grc' dir='ltr'>(κατ’</span> 
     </span>
     <span class='ocr_line' id='line_1_12' title="bbox 325 1602 1484 1699; baseline -0.001 -22"><span class='ocrx_word' id='word_1_96' title='bbox 325 1605 408 1678; x_wconf 74' lang='grc' dir='ltr'><strong>αὐτὸ</strong></span> <span class='ocrx_word' id='word_1_97' title='bbox 431 1609 470 1678; x_wconf 81' lang='grc' dir='ltr'><strong>τὸ</strong></span> <span class='ocrx_word' id='word_1_98' title='bbox 494 1612 648 1699; x_wconf 78' lang='grc' dir='ltr'>πρᾶγμα)</span> <span class='ocrx_word' id='word_1_99' title='bbox 672 1610 722 1675; x_wconf 88' lang='lat' dir='ltr'><strong>vel</strong></span> <span class='ocrx_word' id='word_1_100' title='bbox 744 1609 785 1674; x_wconf 88' lang='lat' dir='ltr'><strong>ad</strong></span> <span class='ocrx_word' id='word_1_101' title='bbox 807 1619 934 1675; x_wconf 88' lang='lat' dir='ltr'><strong>nosmet</strong></span> <span class='ocrx_word' id='word_1_102' title='bbox 956 1602 1182 1696; x_wconf 64' lang='lat' dir='ltr'><strong>(repentinos)</strong></span> <span class='ocrx_word' id='word_1_103' title='bbox 1206 1608 1349 1693; x_wconf 84' lang='lat' dir='ltr'><strong>attineat,</strong></span> <span class='ocrx_word' id='word_1_104' title='bbox 1374 1633 1419 1676; x_wconf 89' lang='lat' dir='ltr'><strong>ex</strong></span> <span class='ocrx_word' id='word_1_105' title='bbox 1441 1635 1484 1676; x_wconf 90' lang='lat' dir='ltr'><strong>ae·</strong></span> 
     </span>
     <span class='ocr_line' id='line_1_13' title="bbox 324 1711 1485 1803; baseline -0.004 -21"><span class='ocrx_word' id='word_1_106' title='bbox 324 1739 387 1803; x_wconf 87' lang='lat' dir='ltr'><strong>quo</strong></span> <span class='ocrx_word' id='word_1_107' title='bbox 404 1715 489 1779; x_wconf 89' lang='lat' dir='ltr'><strong>inter</strong></span> <span class='ocrx_word' id='word_1_108' title='bbox 505 1714 567 1780; x_wconf 90' lang='lat' dir='ltr'><strong>duo</strong></span> <span class='ocrx_word' id='word_1_109' title='bbox 592 1723 735 1779; x_wconf 87' lang='lat' dir='ltr'><strong>extrema</strong></span> <span class='ocrx_word' id='word_1_110' title='bbox 757 1711 941 1777; x_wconf 88' lang='lat' dir='ltr'><strong>discrimine</strong></span> <span class='ocrx_word' id='word_1_111' title='bbox 962 1712 1022 1795; x_wconf 91' lang='lat' dir='ltr'><strong>(ib.</strong></span> <span class='ocrx_word' id='word_1_112' title='bbox 1041 1713 1280 1778; x_wconf 82' lang='lat' dir='ltr'><strong>1106o26—o</strong></span> <span class='ocrx_word' id='word_1_113' title='bbox 1296 1715 1343 1797; x_wconf 88' lang='lat'><strong>8).</strong></span> <span class='ocrx_word' id='word_1_114' title='bbox 1375 1714 1485 1780; x_wconf 80' lang='lat' dir='ltr'><strong>Facile</strong></span> 
     </span>
     <span class='ocr_line' id='line_1_14' title="bbox 322 1813 1483 1904; baseline 0 -24"><span class='ocrx_word' id='word_1_115' title='bbox 322 1817 466 1903; x_wconf 84' lang='lat' dir='ltr'><strong>intellegi</strong></span> <span class='ocrx_word' id='word_1_116' title='bbox 490 1825 606 1904; x_wconf 88' lang='lat' dir='ltr'><strong>potest,</strong></span> <span class='ocrx_word' id='word_1_117' title='bbox 630 1813 706 1903; x_wconf 92' lang='lat' dir='ltr'><strong>quid</strong></span> <span class='ocrx_word' id='word_1_118' title='bbox 729 1813 809 1878; x_wconf 89' lang='lat' dir='ltr'><strong>haec</strong></span> <span class='ocrx_word' id='word_1_119' title='bbox 832 1813 892 1878; x_wconf 90' lang='lat' dir='ltr'><strong>sibi</strong></span> <span class='ocrx_word' id='word_1_120' title='bbox 916 1814 993 1880; x_wconf 90' lang='lat' dir='ltr'><strong>velit</strong></span> <span class='ocrx_word' id='word_1_121' title='bbox 1015 1815 1127 1881; x_wconf 89' lang='lat' dir='ltr'><strong>Nostri</strong></span> <span class='ocrx_word' id='word_1_122' title='bbox 1150 1816 1324 1882; x_wconf 88' lang='lat' dir='ltr'><strong>sententia:</strong></span> <span class='ocrx_word' id='word_1_123' title='bbox 1348 1815 1381 1881; x_wconf 91' lang='lat' dir='ltr'><strong>id</strong></span> <span class='ocrx_word' id='word_1_124' title='bbox 1400 1817 1483 1904; x_wconf 92' lang='lat' dir='ltr'><strong>quod</strong></span> 
     </span>
     <span class='ocr_line' id='line_1_15' title="bbox 323 1917 1481 2007; baseline -0.002 -22"><span class='ocrx_word' id='word_1_125' title='bbox 323 1920 512 1985; x_wconf 83' lang='lat' dir='ltr'><strong>educatores</strong></span> <span class='ocrx_word' id='word_1_126' title='bbox 534 1941 594 1984; x_wconf 89' lang='lat' dir='ltr'><strong>nec</strong></span> <span class='ocrx_word' id='word_1_127' title='bbox 609 1939 762 2005; x_wconf 88' lang='lat' dir='ltr'><strong>umquam</strong></span> <span class='ocrx_word' id='word_1_128' title='bbox 784 1939 845 1982; x_wconf 91' lang='lat' dir='ltr'><strong>nec</strong></span> <span class='ocrx_word' id='word_1_129' title='bbox 868 1941 1003 2006; x_wconf 86' lang='lat' dir='ltr'><strong>usquam</strong></span> <span class='ocrx_word' id='word_1_130' title='bbox 1025 1918 1200 2007; x_wconf 83' lang='lat' dir='ltr'><strong>neglegere</strong></span> <span class='ocrx_word' id='word_1_131' title='bbox 1224 1917 1352 1985; x_wconf 89' lang='lat' dir='ltr'><strong>debent.</strong></span> <span class='ocrx_word' id='word_1_132' title='bbox 1387 1919 1481 1983; x_wconf 89' lang='lat' dir='ltr'><strong>Verbi</strong></span> 
     </span>
     <span class='ocr_line' id='line_1_16' title="bbox 323 2019 1481 2110; baseline -0.003 -23"><span class='ocrx_word' id='word_1_133' title='bbox 323 2023 428 2110; x_wconf 84' lang='lat' dir='ltr'><strong>gratia</strong></span> <span class='ocrx_word' id='word_1_134' title='bbox 452 2022 606 2088; x_wconf 87' lang='lat' dir='ltr'><strong>musicam</strong></span> <span class='ocrx_word' id='word_1_135' title='bbox 630 2031 662 2086; x_wconf 90' lang='lat' dir='ltr'><strong>et</strong></span> <span class='ocrx_word' id='word_1_136' title='bbox 683 2019 917 2107; x_wconf 88' lang='lat' dir='ltr'><strong>gymnasticam</strong></span> <span class='ocrx_word' id='word_1_137' title='bbox 933 2023 1167 2110; x_wconf 86' lang='lat' dir='ltr'><strong>proposuerim,</strong></span> <span class='ocrx_word' id='word_1_138' title='bbox 1191 2043 1326 2109; x_wconf 84' lang='lat' dir='ltr'><strong>quarum</strong></span> <span class='ocrx_word' id='word_1_139' title='bbox 1351 2021 1481 2109; x_wconf 88' lang='lat' dir='ltr'><strong>discipli-</strong></span> 
     </span>
     <span class='ocr_line' id='line_1_17' title="bbox 323 2123 1484 2213; baseline -0.002 -23"><span class='ocrx_word' id='word_1_140' title='bbox 323 2148 436 2190; x_wconf 89' lang='lat' dir='ltr'><strong>narum</strong></span> <span class='ocrx_word' id='word_1_141' title='bbox 465 2126 524 2190; x_wconf 89' lang='lat' dir='ltr'><strong>hac</strong></span> <span class='ocrx_word' id='word_1_142' title='bbox 552 2123 678 2190; x_wconf 87' lang='lat' dir='ltr'><strong>ratione</strong></span> <span class='ocrx_word' id='word_1_143' title='bbox 706 2123 791 2211; x_wconf 88' lang='lat' dir='ltr'><strong>apud</strong></span> <span class='ocrx_word' id='word_1_144' title='bbox 814 2123 1023 2190; x_wconf 88' lang='lat' dir='ltr'><strong>Aristotelem</strong></span> <span class='ocrx_word' id='word_1_145' title='bbox 1046 2124 1218 2212; x_wconf 88' lang='lat' dir='ltr'><strong>plurimum</strong></span> <span class='ocrx_word' id='word_1_146' title='bbox 1247 2134 1405 2213; x_wconf 90' lang='lat' dir='ltr'><strong>quantum</strong></span> <span class='ocrx_word' id='word_1_147' title='bbox 1429 2135 1484 2190; x_wconf 85' lang='lat' dir='ltr'><strong>tra·</strong></span> 
     </span>
     <span class='ocr_line' id='line_1_18' title="bbox 325 2225 1481 2315; baseline 0 -24"><span class='ocrx_word' id='word_1_148' title='bbox 325 2227 425 2292; x_wconf 83' lang='lat' dir='ltr'><strong>ditum</strong></span> <span class='ocrx_word' id='word_1_149' title='bbox 449 2228 604 2294; x_wconf 90' lang='lat' dir='ltr'><strong>habemus</strong></span> <span class='ocrx_word' id='word_1_150' title='bbox 616 2225 651 2309; x_wconf 88' lang='lat'><strong>¹).</strong></span> <span class='ocrx_word' id='word_1_151' title='bbox 684 2263 720 2276; x_wconf 80' lang='lat'><strong>-</strong></span> <span class='ocrx_word' id='word_1_152' title='bbox 753 2225 931 2315; x_wconf 88' lang='lat' dir='ltr'><strong>Utriusque</strong></span> <span class='ocrx_word' id='word_1_153' title='bbox 962 2226 1046 2293; x_wconf 91' lang='lat' dir='ltr'><strong>enim</strong></span> <span class='ocrx_word' id='word_1_154' title='bbox 1077 2227 1267 2314; x_wconf 88' lang='lat' dir='ltr'><strong>disciplinae</strong></span> <span class='ocrx_word' id='word_1_155' title='bbox 1289 2227 1481 2314; x_wconf 89' lang='lat' dir='ltr'><strong>permultum</strong></span> 
     </span>
     <span class='ocr_line' id='line_1_19' title="bbox 323 2309 1480 2417; baseline -0.002 -23"><span class='ocrx_word' id='word_1_156' title='bbox 323 2330 457 2394; x_wconf 89' lang='lat' dir='ltr'><strong>interest</strong></span> <span class='ocrx_word' id='word_1_157' title='bbox 478 2329 620 2396; x_wconf 91' lang='lat' dir='ltr'><strong>medium</strong></span> <span class='ocrx_word' id='word_1_158' title='bbox 644 2328 796 2417; x_wconf 88' lang='lat' dir='ltr'><strong>quiddam</strong></span> <span class='ocrx_word' id='word_1_159' title='bbox 820 2338 851 2393; x_wconf 90' lang='lat' dir='ltr'><strong>et</strong></span> <span class='ocrx_word' id='word_1_160' title='bbox 874 2329 1012 2394; x_wconf 88' lang='lat' dir='ltr'><strong>inveniri</strong></span> <span class='ocrx_word' id='word_1_161' title='bbox 1035 2337 1068 2394; x_wconf 89' lang='lat' dir='ltr'><strong>et</strong></span> <span class='ocrx_word' id='word_1_162' title='bbox 1093 2329 1208 2413; x_wconf 89' lang='lat' dir='ltr'><strong>teneri,</strong></span> <span class='ocrx_word' id='word_1_163' title='bbox 1230 2309 1330 2417; x_wconf 78' lang='lat' dir='ltr'><strong>idque</strong></span> <span class='ocrx_word' id='word_1_164' title='bbox 1358 2327 1480 2417; x_wconf 89' lang='lat' dir='ltr'><strong>quidem</strong></span> 
     </span>
     <span class='ocr_line' id='line_1_20' title="bbox 326 2430 1479 2521; baseline -0.003 -22"><span class='ocrx_word' id='word_1_165' title='bbox 326 2442 480 2521; x_wconf 88' lang='lat' dir='ltr'><strong>quantum</strong></span> <span class='ocrx_word' id='word_1_166' title='bbox 502 2443 568 2499; x_wconf 88' lang='lat' dir='ltr'><strong>tam</strong></span> <span class='ocrx_word' id='word_1_167' title='bbox 593 2431 633 2498; x_wconf 86' lang='lat' dir='ltr'><strong>ad</strong></span> <span class='ocrx_word' id='word_1_168' title='bbox 655 2431 797 2520; x_wconf 86' lang='lat' dir='ltr'><strong>ipsarum</strong></span> <span class='ocrx_word' id='word_1_169' title='bbox 820 2430 1061 2519; x_wconf 86' lang='lat' dir='ltr'><strong>disciplinarum</strong></span> <span class='ocrx_word' id='word_1_170' title='bbox 1084 2455 1180 2520; x_wconf 92' lang='lat' dir='ltr'><strong>quam</strong></span> <span class='ocrx_word' id='word_1_171' title='bbox 1201 2432 1241 2497; x_wconf 88' lang='lat' dir='ltr'><strong>ad</strong></span> <span class='ocrx_word' id='word_1_172' title='bbox 1257 2431 1479 2520; x_wconf 89' lang='lat' dir='ltr'><strong>discipulorum</strong></span> 
     </span>
     <span class='ocr_line' id='line_1_21' title="bbox 323 2533 1480 2621; baseline -0.002 -21"><span class='ocrx_word' id='word_1_173' title='bbox 323 2535 458 2602; x_wconf 88' lang='lat' dir='ltr'><strong>attineat</strong></span> <span class='ocrx_word' id='word_1_174' title='bbox 473 2545 633 2600; x_wconf 87' lang='lat' dir='ltr'><strong>naturam.</strong></span> <span class='ocrx_word' id='word_1_175' title='bbox 653 2572 689 2583; x_wconf 91' lang='lat'>—</span> <span class='ocrx_word' id='word_1_176' title='bbox 708 2533 775 2600; x_wconf 84' lang='lat' dir='ltr'><strong>Sed</strong></span> <span class='ocrx_word' id='word_1_177' title='bbox 798 2533 838 2598; x_wconf 92' lang='lat' dir='ltr'><strong>de</strong></span> <span class='ocrx_word' id='word_1_178' title='bbox 861 2534 910 2598; x_wconf 93' lang='lat' dir='ltr'><strong>his</strong></span> <span class='ocrx_word' id='word_1_179' title='bbox 932 2534 1066 2621; x_wconf 89' lang='lat' dir='ltr'><strong>singulis</strong></span> <span class='ocrx_word' id='word_1_180' title='bbox 1089 2535 1185 2600; x_wconf 88' lang='lat' dir='ltr'><strong>rebus</strong></span> <span class='ocrx_word' id='word_1_181' title='bbox 1209 2535 1270 2600; x_wconf 86' lang='lat' dir='ltr'><strong>alio</strong></span> <span class='ocrx_word' id='word_1_182' title='bbox 1295 2545 1327 2601; x_wconf 89' lang='lat' dir='ltr'><strong>ot</strong></span> <span class='ocrx_word' id='word_1_183' title='bbox 1342 2557 1399 2600; x_wconf 79' lang='lat' dir='ltr'><strong>suo</strong></span> <span class='ocrx_word' id='word_1_184' title='bbox 1413 2536 1480 2600; x_wconf 91' lang='lat' dir='ltr'><strong>loco</strong></span> 
     </span>
     <span class='ocr_line' id='line_1_22' title="bbox 325 2635 1475 2726; baseline -0.004 -23"><span class='ocrx_word' id='word_1_185' title='bbox 325 2638 455 2703; x_wconf 92' lang='lat' dir='ltr'><strong>uberius</strong></span> <span class='ocrx_word' id='word_1_186' title='bbox 484 2639 581 2704; x_wconf 89' lang='lat' dir='ltr'><strong>etiam</strong></span> <span class='ocrx_word' id='word_1_187' title='bbox 609 2635 831 2704; x_wconf 88' lang='lat' dir='ltr'><strong>disserendum</strong></span> <span class='ocrx_word' id='word_1_188' title='bbox 859 2645 918 2704; x_wconf 82' lang='lat' dir='ltr'><strong>eat.</strong></span> <span class='ocrx_word' id='word_1_189' title='bbox 945 2670 987 2682; x_wconf 81' lang='lat'><em>-</em></span> <span class='ocrx_word' id='word_1_190' title='bbox 1016 2638 1132 2726; x_wconf 88' lang='lat' dir='ltr'><strong>Itaque</strong></span> <span class='ocrx_word' id='word_1_191' title='bbox 1154 2638 1186 2703; x_wconf 91' lang='lat' dir='ltr'><strong>in</strong></span> <span class='ocrx_word' id='word_1_192' title='bbox 1209 2637 1355 2704; x_wconf 87' lang='lat' dir='ltr'><strong>omnibus</strong></span> <span class='ocrx_word' id='word_1_193' title='bbox 1375 2637 1475 2715; x_wconf 89' lang='lat' dir='ltr'><strong>rebus,</strong></span> 
     </span>
     <span class='ocr_line' id='line_1_23' title="bbox 325 2735 1473 2827; baseline -0.004 -23"><span class='ocrx_word' id='word_1_194' title='bbox 325 2741 380 2805; x_wconf 90' lang='lat' dir='ltr'><strong>ubi</strong></span> <span class='ocrx_word' id='word_1_195' title='bbox 404 2741 540 2808; x_wconf 85' lang='lat' dir='ltr'><strong>formam</strong></span> <span class='ocrx_word' id='word_1_196' title='bbox 563 2741 640 2807; x_wconf 92' lang='lat' dir='ltr'><strong>boni</strong></span> <span class='ocrx_word' id='word_1_197' title='bbox 662 2739 796 2806; x_wconf 88' lang='lat' dir='ltr'><strong>alicuius</strong></span> <span class='ocrx_word' id='word_1_198' title='bbox 820 2747 852 2803; x_wconf 90' lang='lat' dir='ltr'><strong>et</strong></span> <span class='ocrx_word' id='word_1_199' title='bbox 873 2739 978 2827; x_wconf 89' lang='lat' dir='ltr'><strong>pulcri</strong></span> <span class='ocrx_word' id='word_1_200' title='bbox 1001 2741 1131 2807; x_wconf 86' lang='lat' dir='ltr'><strong>efficere</strong></span> <span class='ocrx_word' id='word_1_201' title='bbox 1158 2740 1253 2824; x_wconf 86' lang='lat' dir='ltr'><strong>velis,</strong></span> <span class='ocrx_word' id='word_1_202' title='bbox 1281 2741 1338 2806; x_wconf 89' lang='lat' dir='ltr'><strong>hoc</strong></span> <span class='ocrx_word' id='word_1_203' title='bbox 1359 2737 1412 2802; x_wconf 90' lang='lat' dir='ltr'><strong>tibi</strong></span> <span class='ocrx_word' id='word_1_204' title='bbox 1433 2735 1473 2800; x_wconf 90' lang='lat' dir='ltr'><strong>ab</strong></span> 
     </span>
     <span class='ocr_line' id='line_1_24' title="bbox 325 2841 1479 2932; baseline -0.003 -26"><span class='ocrx_word' id='word_1_205' title='bbox 325 2851 455 2909; x_wconf 86' lang='lat' dir='ltr'><strong>auctore</strong></span> <span class='ocrx_word' id='word_1_206' title='bbox 478 2853 586 2910; x_wconf 90' lang='lat' dir='ltr'><strong>nostro</strong></span> <span class='ocrx_word' id='word_1_207' title='bbox 610 2841 852 2910; x_wconf 87' lang='lat' dir='ltr'><strong>commendatur</strong></span> <span class='ocrx_word' id='word_1_208' title='bbox 872 2851 903 2908; x_wconf 87' lang='lat' dir='ltr'><strong>ot</strong></span> <span class='ocrx_word' id='word_1_209' title='bbox 926 2844 1152 2932; x_wconf 85' lang='lat' dir='ltr'><strong>conprobatur,</strong></span> <span class='ocrx_word' id='word_1_210' title='bbox 1175 2853 1211 2910; x_wconf 89' lang='lat' dir='ltr'><strong>ut</strong></span> <span class='ocrx_word' id='word_1_211' title='bbox 1230 2844 1334 2911; x_wconf 83' lang='lat' dir='ltr'><strong>medie</strong></span> <span class='ocrx_word' id='word_1_212' title='bbox 1348 2848 1479 2908; x_wconf 85' lang='lat' dir='ltr'><strong>atrecta</strong></span> 
     </span>
     <span class='ocr_line' id='line_1_25' title="bbox 325 2944 1482 3036; baseline -0.001 -27"><span class='ocrx_word' id='word_1_213' title='bbox 325 2947 378 3010; x_wconf 90' lang='lat' dir='ltr'><strong>via</strong></span> <span class='ocrx_word' id='word_1_214' title='bbox 400 2955 506 3011; x_wconf 88' lang='lat' dir='ltr'><strong>utare:</strong></span> <span class='ocrx_word' id='word_1_215' title='bbox 534 2955 705 3035; x_wconf 91' lang='lat' dir='ltr'><strong>utrumqne</strong></span> <span class='ocrx_word' id='word_1_216' title='bbox 728 2947 827 3027; x_wconf 90' lang='lat' dir='ltr'><strong>enim,</strong></span> <span class='ocrx_word' id='word_1_217' title='bbox 851 2955 883 3010; x_wconf 87' lang='lat' dir='ltr'><strong>et</strong></span> <span class='ocrx_word' id='word_1_218' title='bbox 905 2946 1038 3012; x_wconf 89' lang='lat' dir='ltr'><strong>nimium</strong></span> <span class='ocrx_word' id='word_1_219' title='bbox 1061 2955 1093 3012; x_wconf 93' lang='lat' dir='ltr'><strong>et</strong></span> <span class='ocrx_word' id='word_1_220' title='bbox 1115 2971 1245 3035; x_wconf 86' lang='lat' dir='ltr'><strong>parum,</strong></span> <span class='ocrx_word' id='word_1_221' title='bbox 1272 2944 1482 3036; x_wconf 87' lang='lat' dir='ltr'><strong>perniciosum</strong></span> 
     </span>
     <span class='ocr_line' id='line_1_26' title="bbox 326 3046 1484 3136; baseline 0 -23"><span class='ocrx_word' id='word_1_222' title='bbox 326 3072 396 3115; x_wconf 92' lang='lat' dir='ltr'><strong>esse</strong></span> <span class='ocrx_word' id='word_1_223' title='bbox 420 3058 451 3113; x_wconf 87' lang='lat' dir='ltr'><strong>et</strong></span> <span class='ocrx_word' id='word_1_224' title='bbox 473 3049 607 3132; x_wconf 89' lang='lat' dir='ltr'><strong>malum,</strong></span> <span class='ocrx_word' id='word_1_225' title='bbox 635 3048 711 3114; x_wconf 90' lang='lat' dir='ltr'><strong>dum</strong></span> <span class='ocrx_word' id='word_1_226' title='bbox 735 3048 939 3115; x_wconf 87' lang='lat' dir='ltr'><strong>mediocritas</strong></span> <span class='ocrx_word' id='word_1_227' title='bbox 967 3052 1082 3132; x_wconf 86' lang='lat' dir='ltr'><strong>(aurea</strong></span> <span class='ocrx_word' id='word_1_228' title='bbox 1104 3051 1174 3134; x_wconf 91' lang='lat' dir='ltr'><strong>illa,</strong></span> <span class='ocrx_word' id='word_1_229' title='bbox 1201 3062 1238 3116; x_wconf 90' lang='lat' dir='ltr'><strong>ut</strong></span> <span class='ocrx_word' id='word_1_230' title='bbox 1259 3051 1305 3116; x_wconf 89' lang='lat' dir='ltr'><strong>ait</strong></span> <span class='ocrx_word' id='word_1_231' title='bbox 1327 3046 1484 3136; x_wconf 85' lang='lat' dir='ltr'><strong>poeta)’),</strong></span> 
     </span>
     <span class='ocr_line' id='line_1_27' title="bbox 326 3151 1486 3241; baseline -0.003 -23"><span class='ocrx_word' id='word_1_232' title='bbox 326 3161 444 3239; x_wconf 87' lang='lat' dir='ltr'><strong>augeat</strong></span> <span class='ocrx_word' id='word_1_233' title='bbox 466 3162 565 3241; x_wconf 87' lang='lat' dir='ltr'><strong>atque</strong></span> <span class='ocrx_word' id='word_1_234' title='bbox 587 3151 744 3218; x_wconf 86' lang='lat' dir='ltr'><strong>sustineat</strong></span> <span class='ocrx_word' id='word_1_235' title='bbox 773 3151 832 3234; x_wconf 85' lang='lat' dir='ltr'><strong>(cf.</strong></span> <span class='ocrx_word' id='word_1_236' title='bbox 853 3153 874 3218; x_wconf 91' lang='lat' dir='ltr'><strong>l.</strong></span> <span class='ocrx_word' id='word_1_237' title='bbox 895 3153 916 3217; x_wconf 94' lang='lat' dir='ltr'><strong>l.</strong></span> <span class='ocrx_word' id='word_1_238' title='bbox 939 3153 983 3234; x_wconf 92' lang='lat' dir='ltr'><strong>Il,</strong></span> <span class='ocrx_word' id='word_1_239' title='bbox 1005 3152 1035 3221; x_wconf 80' lang='lat'><strong>2.</strong></span> <span class='ocrx_word' id='word_1_240' title='bbox 1061 3154 1170 3219; x_wconf 76' lang='lat' dir='ltr'><strong>noro</strong></span> <span class='ocrx_word' id='word_1_241' title='bbox 1185 3155 1226 3218; x_wconf 92' lang='lat'><strong>14</strong></span> <span class='ocrx_word' id='word_1_242' title='bbox 1241 3154 1341 3240; x_wconf 85' lang='lat' dir='ltr'><strong>sqq).</strong></span> <span class='ocrx_word' id='word_1_243' title='bbox 1385 3151 1486 3216; x_wconf 88' lang='lat' dir='ltr'><strong>Acce-</strong></span> 
     </span>
     <span class='ocr_line' id='line_1_28' title="bbox 325 3254 1485 3343; baseline -0.003 -22"><span class='ocrx_word' id='word_1_244' title='bbox 325 3256 401 3321; x_wconf 89' lang='lat' dir='ltr'><strong>dere</strong></span> <span class='ocrx_word' id='word_1_245' title='bbox 417 3254 504 3342; x_wconf 90' lang='lat' dir='ltr'><strong>quod</strong></span> <span class='ocrx_word' id='word_1_246' title='bbox 519 3257 581 3321; x_wconf 87' lang='lat' dir='ltr'><strong>hac</strong></span> <span class='ocrx_word' id='word_1_247' title='bbox 595 3255 719 3322; x_wconf 89' lang='lat' dir='ltr'><strong>ratione</strong></span> <span class='ocrx_word' id='word_1_248' title='bbox 742 3265 891 3322; x_wconf 88' lang='lat' dir='ltr'><strong>naturam</strong></span> <span class='ocrx_word' id='word_1_249' title='bbox 914 3277 1088 3343; x_wconf 88' lang='lat' dir='ltr'><strong>sequamur</strong></span> <span class='ocrx_word' id='word_1_250' title='bbox 1108 3255 1312 3342; x_wconf 87' lang='lat' dir='ltr'><strong>magistram:</strong></span> <span class='ocrx_word' id='word_1_251' title='bbox 1335 3254 1485 3342; x_wconf 89' lang='lat' dir='ltr'><strong>quoniam</strong></span> 
     </span>
     <span class='ocr_line' id='line_1_29' title="bbox 325 3356 1486 3448; baseline -0.001 -24"><span class='ocrx_word' id='word_1_252' title='bbox 325 3369 441 3425; x_wconf 89' lang='lat' dir='ltr'><strong>natura</strong></span> <span class='ocrx_word' id='word_1_253' title='bbox 465 3381 595 3448; x_wconf 91' lang='lat' dir='ltr'><strong>quoque</strong></span> <span class='ocrx_word' id='word_1_254' title='bbox 617 3358 759 3425; x_wconf 90' lang='lat' dir='ltr'><strong>medium</strong></span> <span class='ocrx_word' id='word_1_255' title='bbox 783 3358 935 3448; x_wconf 85' lang='lat' dir='ltr'><strong>quiddam</strong></span> <span class='ocrx_word' id='word_1_256' title='bbox 951 3367 1063 3447; x_wconf 90' lang='lat' dir='ltr'><strong>petere</strong></span> <span class='ocrx_word' id='word_1_257' title='bbox 1079 3357 1236 3424; x_wconf 85' lang='lat' dir='ltr'><strong>videatur.</strong></span> <span class='ocrx_word' id='word_1_258' title='bbox 1267 3357 1342 3422; x_wconf 88' lang='lat' dir='ltr'><strong>Huc</strong></span> <span class='ocrx_word' id='word_1_259' title='bbox 1358 3356 1486 3444; x_wconf 89' lang='lat' dir='ltr'><strong>quidem</strong></span> 
     </span>
     <span class='ocr_line' id='line_1_30' title="bbox 325 3459 1487 3550; baseline -0.001 -25"><span class='ocrx_word' id='word_1_260' title='bbox 325 3460 466 3550; x_wconf 87' lang='lat' dir='ltr'><strong>pertinet</strong></span> <span class='ocrx_word' id='word_1_261' title='bbox 487 3461 780 3550; x_wconf 86' lang='lat' dir='ltr'><strong>praeclarissimum</strong></span> <span class='ocrx_word' id='word_1_262' title='bbox 800 3460 880 3528; x_wconf 90' lang='lat' dir='ltr'><strong>illud</strong></span> <span class='ocrx_word' id='word_1_263' title='bbox 895 3461 1089 3544; x_wconf 89' lang='lat' dir='ltr'><strong>Aristotelis,</strong></span> <span class='ocrx_word' id='word_1_264' title='bbox 1113 3459 1278 3548; x_wconf 88' lang='lat' dir='ltr'><strong>quodiam</strong></span> <span class='ocrx_word' id='word_1_265' title='bbox 1294 3483 1392 3548; x_wconf 88' lang='lat' dir='ltr'><strong>supra</strong></span> <span class='ocrx_word' id='word_1_266' title='bbox 1409 3483 1487 3524; x_wconf 90' lang='lat' dir='ltr'><strong>com·</strong></span> 
     </span>
     <span class='ocr_line' id='line_1_31' title="bbox 326 3560 1487 3652; baseline -0.005 -21"><span class='ocrx_word' id='word_1_267' title='bbox 326 3567 503 3631; x_wconf 88' lang='lat' dir='ltr'><strong>memoravi</strong></span> <span class='ocrx_word' id='word_1_268' title='bbox 519 3565 555 3646; x_wconf 90' lang='lat' dir='ltr'><strong>(l.</strong></span> <span class='ocrx_word' id='word_1_269' title='bbox 571 3565 593 3630; x_wconf 91' lang='lat' dir='ltr'><strong>l.</strong></span> <span class='ocrx_word' id='word_1_270' title='bbox 613 3566 718 3630; x_wconf 80' lang='lat' dir='ltr'><strong>1106t</strong></span> <span class='ocrx_word' id='word_1_271' title='bbox 737 3565 777 3630; x_wconf 88' lang='lat'><strong>13</strong></span> <span class='ocrx_word' id='word_1_272' title='bbox 793 3566 870 3652; x_wconf 84' lang='lat' dir='ltr'><strong>sq),</strong></span> <span class='ocrx_word' id='word_1_273' title='bbox 886 3587 948 3652; x_wconf 93' lang='lat' dir='ltr'><strong>quo</strong></span> <span class='ocrx_word' id='word_1_274' title='bbox 965 3574 1112 3652; x_wconf 88' lang='lat' dir='ltr'><strong>spectare</strong></span> <span class='ocrx_word' id='word_1_275' title='bbox 1135 3562 1217 3628; x_wconf 84' lang='lat' dir='ltr'><strong>dixit</strong></span> <span class='ocrx_word' id='word_1_276' title='bbox 1232 3573 1265 3628; x_wconf 89' lang='lat' dir='ltr'><strong>et</strong></span> <span class='ocrx_word' id='word_1_277' title='bbox 1278 3561 1398 3629; x_wconf 90' lang='lat' dir='ltr'><strong>intueri</strong></span> <span class='ocrx_word' id='word_1_278' title='bbox 1414 3560 1487 3628; x_wconf 93' lang='lat' dir='ltr'><strong>boni</strong></span> 
     </span>
     <span class='ocr_line' id='line_1_32' title="bbox 326 3665 1488 3757; baseline -0.003 -25"><span class='ocrx_word' id='word_1_279' title='bbox 326 3668 474 3752; x_wconf 86' lang='lat' dir='ltr'><strong>artifices,</strong></span> <span class='ocrx_word' id='word_1_280' title='bbox 499 3668 553 3756; x_wconf 92' lang='lat' dir='ltr'><strong>qni</strong></span> <span class='ocrx_word' id='word_1_281' title='bbox 575 3668 658 3733; x_wconf 91' lang='lat' dir='ltr'><strong>bene</strong></span> <span class='ocrx_word' id='word_1_282' title='bbox 681 3676 870 3757; x_wconf 90' lang='lat' dir='ltr'><strong>operentur:</strong></span> <span class='ocrx_word' id='word_1_283' title='bbox 893 3668 979 3734; x_wconf 90' lang='lat' dir='ltr'><strong>omni</strong></span> <span class='ocrx_word' id='word_1_284' title='bbox 995 3675 1102 3734; x_wconf 87' lang='lat' dir='ltr'><strong>autem</strong></span> <span class='ocrx_word' id='word_1_285' title='bbox 1119 3675 1188 3731; x_wconf 86' lang='lat' dir='ltr'><strong>arte</strong></span> <span class='ocrx_word' id='word_1_286' title='bbox 1203 3665 1394 3733; x_wconf 86' lang='lat' dir='ltr'><strong>limatiorem</strong></span> <span class='ocrx_word' id='word_1_287' title='bbox 1416 3687 1488 3732; x_wconf 89' lang='lat' dir='ltr'><strong>-csse</strong></span> 
     </span>
    </p>
   </div>
   <div class='ocr_carea' id='block_1_3' title="bbox 327 3761 1489 4173">
    <p class='ocr_par' dir='ltr' id='par_1_3' title="bbox 327 3761 1489 4173">
     <span class='ocr_line' id='line_1_33' title="bbox 327 3761 1487 3859; baseline -0.001 -22"><span class='ocrx_word' id='word_1_288' title='bbox 327 3783 358 3837; x_wconf 90' lang='lat' dir='ltr'><strong>et</strong></span> <span class='ocrx_word' id='word_1_289' title='bbox 381 3771 547 3838; x_wconf 87' lang='lat' dir='ltr'><strong>meliorem</strong></span> <span class='ocrx_word' id='word_1_290' title='bbox 570 3771 736 3836; x_wconf 86' lang='lat' dir='ltr'><strong>virtutem:</strong></span> <span class='ocrx_word' id='word_1_291' title='bbox 766 3766 879 3858; x_wconf 70' lang='grc' dir='ltr'><strong><em>ὥσπερ</em></strong></span> <span class='ocrx_word' id='word_1_292' title='bbox 901 3769 958 3837; x_wconf 85' lang='grc' dir='ltr'><strong>καὶ</strong></span> <span class='ocrx_word' id='word_1_293' title='bbox 979 3764 999 3858; x_wconf 84' lang='grc' dir='ltr'><em>ἡ</em></span> <span class='ocrx_word' id='word_1_294' title='bbox 1022 3765 1138 3859; x_wconf 83' lang='grc' dir='ltr'><strong><em>φύσις,</em></strong></span> <span class='ocrx_word' id='word_1_295' title='bbox 1161 3769 1223 3835; x_wconf 81' lang='grc' dir='ltr'><strong>τοῦ</strong></span> <span class='ocrx_word' id='word_1_296' title='bbox 1243 3766 1349 3851; x_wconf 84' lang='grc' dir='ltr'><em>μέσου</em></span> <span class='ocrx_word' id='word_1_297' title='bbox 1372 3761 1415 3836; x_wconf 69' lang='lat' dir='ltr'><strong>dv</strong></span> <span class='ocrx_word' id='word_1_298' title='bbox 1439 3765 1487 3856; x_wconf 75' lang='grc' dir='ltr'><strong>εἴη</strong></span> 
     </span>
     <span class='ocr_line' id='line_1_34' title="bbox 327 3866 1488 3964; baseline -0.002 -22"><span class='ocrx_word' id='word_1_299' title='bbox 327 3870 569 3964; x_wconf 55' lang='grc' dir='ltr'><strong><em>στοχαστικήῧ).</em></strong></span> <span class='ocrx_word' id='word_1_300' title='bbox 601 3913 638 3924; x_wconf 90' lang='lat'><strong>·-</strong></span> <span class='ocrx_word' id='word_1_301' title='bbox 671 3875 717 3939; x_wconf 90' lang='lat' dir='ltr'><strong>At</strong></span> <span class='ocrx_word' id='word_1_302' title='bbox 749 3895 820 3939; x_wconf 92' lang='lat' dir='ltr'><strong>esse</strong></span> <span class='ocrx_word' id='word_1_303' title='bbox 846 3875 923 3941; x_wconf 90' lang='lat' dir='ltr'><strong>illud</strong></span> <span class='ocrx_word' id='word_1_304' title='bbox 950 3873 1053 3956; x_wconf 81' lang='grc' dir='ltr'>μέσον</span> <span class='ocrx_word' id='word_1_305' title='bbox 1081 3872 1137 3941; x_wconf 79' lang='grc' dir='ltr'><strong>καὶ</strong></span> <span class='ocrx_word' id='word_1_306' title='bbox 1164 3866 1302 3962; x_wconf 65' lang='grc' dir='ltr'><strong><em>ἄριστον</em></strong></span> <span class='ocrx_word' id='word_1_307' title='bbox 1329 3897 1395 3942; x_wconf 89' lang='lat' dir='ltr'><strong>non</strong></span> <span class='ocrx_word' id='word_1_308' title='bbox 1424 3884 1488 3940; x_wconf 88' lang='lat' dir='ltr'><strong>tam</strong></span> 
     </span>
     <span class='ocr_line' id='line_1_35' title="bbox 328 3976 1488 4067; baseline -0.002 -23"><span class='ocrx_word' id='word_1_309' title='bbox 328 3978 391 4044; x_wconf 88' lang='lat' dir='ltr'><strong>tale</strong></span> <span class='ocrx_word' id='word_1_310' title='bbox 408 3979 534 4064; x_wconf 86' lang='lat' dir='ltr'><strong>dieitur,</strong></span> <span class='ocrx_word' id='word_1_311' title='bbox 558 3978 653 4067; x_wconf 89' lang='lat' dir='ltr'><strong>quale</strong></span> <span class='ocrx_word' id='word_1_312' title='bbox 671 3976 822 4043; x_wconf 87' lang='lat' dir='ltr'><strong>universe</strong></span> <span class='ocrx_word' id='word_1_313' title='bbox 838 4000 880 4043; x_wconf 88' lang='lat' dir='ltr'><strong>ex</strong></span> <span class='ocrx_word' id='word_1_314' title='bbox 895 3979 1098 4045; x_wconf 88' lang='lat' dir='ltr'><strong>arithmetica</strong></span> <span class='ocrx_word' id='word_1_315' title='bbox 1112 3978 1250 4066; x_wconf 87' lang='lat' dir='ltr'><strong>quadam</strong></span> <span class='ocrx_word' id='word_1_316' title='bbox 1267 3978 1488 4064; x_wconf 84' lang='lat' dir='ltr'><strong>proportione,</strong></span> 
     </span>
     <span class='ocr_line' id='line_1_36' title="bbox 331 4081 1489 4173; baseline -0.003 -24"><span class='ocrx_word' id='word_1_317' title='bbox 331 4105 426 4171; x_wconf 88' lang='lat' dir='ltr'><strong>qnam</strong></span> <span class='ocrx_word' id='word_1_318' title='bbox 456 4085 550 4173; x_wconf 91' lang='lat' dir='ltr'><strong>quale</strong></span> <span class='ocrx_word' id='word_1_319' title='bbox 573 4105 615 4146; x_wconf 88' lang='lat' dir='ltr'><strong>ex</strong></span> <span class='ocrx_word' id='word_1_320' title='bbox 637 4082 730 4147; x_wconf 89' lang='lat' dir='ltr'><strong>unius</strong></span> <span class='ocrx_word' id='word_1_321' title='bbox 755 4081 908 4170; x_wconf 88' lang='lat' dir='ltr'><strong>cuiusque</strong></span> <span class='ocrx_word' id='word_1_322' title='bbox 935 4092 1217 4149; x_wconf 86' lang='lat' dir='ltr'><strong>nostrumnatura</strong></span> <span class='ocrx_word' id='word_1_323' title='bbox 1244 4089 1277 4145; x_wconf 90' lang='lat' dir='ltr'><strong>et</strong></span> <span class='ocrx_word' id='word_1_324' title='bbox 1304 4081 1489 4148; x_wconf 87' lang='lat' dir='ltr'><strong>conditione</strong></span> 
     </span>
    </p>
   </div>
   <div class='ocr_carea' id='block_1_4' title="bbox 398 4334 1487 4584">
    <p class='ocr_par' dir='ltr' id='par_1_4' title="bbox 398 4334 1487 4584">
     <span class='ocr_line' id='line_1_37' title="bbox 401 4334 622 4402; baseline -0.014 -16"><span class='ocrx_word' id='word_1_325' title='bbox 401 4336 419 4402; x_wconf 87' lang='lat'><strong>¹)</strong></span> <span class='ocrx_word' id='word_1_326' title='bbox 438 4335 494 4386; x_wconf 91' lang='lat' dir='ltr'><strong>Pol.</strong></span> <span class='ocrx_word' id='word_1_327' title='bbox 508 4335 541 4399; x_wconf 85' lang='lat' dir='ltr'><strong>V,</strong></span> <span class='ocrx_word' id='word_1_328' title='bbox 554 4334 572 4388; x_wconf 83' lang='lat'>4</span> <span class='ocrx_word' id='word_1_329' title='bbox 584 4351 622 4401; x_wconf 84' lang='lat' dir='ltr'><strong>aq.</strong></span> 
     </span>
     <span class='ocr_line' id='line_1_38' title="bbox 399 4423 737 4487; baseline 0.006 -15"><span class='ocrx_word' id='word_1_330' title='bbox 399 4423 419 4487; x_wconf 77' lang='lat'><strong>²)</strong></span> <span class='ocrx_word' id='word_1_331' title='bbox 437 4423 540 4485; x_wconf 81' lang='lat' dir='ltr'><strong>Horat,</strong></span> <span class='ocrx_word' id='word_1_332' title='bbox 554 4437 633 4474; x_wconf 86' lang='lat' dir='ltr'><strong>carm.</strong></span> <span class='ocrx_word' id='word_1_333' title='bbox 646 4424 681 4487; x_wconf 93' lang='lat' dir='ltr'><strong>Il,</strong></span> <span class='ocrx_word' id='word_1_334' title='bbox 696 4424 737 4478; x_wconf 89' lang='lat'><strong>10.</strong></span> 
     </span>
     <span class='ocr_line' id='line_1_39' title="bbox 398 4508 1487 4584; baseline 0 -24"><span class='ocrx_word' id='word_1_335' title='bbox 398 4508 418 4578; x_wconf 87' lang='lat'><strong>³)</strong></span> <span class='ocrx_word' id='word_1_336' title='bbox 436 4509 474 4560; x_wconf 81' lang='lat' dir='ltr'><strong>Cf.</strong></span> <span class='ocrx_word' id='word_1_337' title='bbox 490 4509 519 4574; x_wconf 64' lang='grc' dir='ltr'><strong>ἐξ</strong></span> <span class='ocrx_word' id='word_1_338' title='bbox 532 4510 549 4563; x_wconf 90' lang='grc'><strong>6</strong></span> <span class='ocrx_word' id='word_1_339' title='bbox 562 4516 587 4562; x_wconf 89' lang='lat' dir='ltr'><strong>et</strong></span> <span class='ocrx_word' id='word_1_340' title='bbox 600 4510 632 4564; x_wconf 91' lang='lat'><strong>11</strong></span> <span class='ocrx_word' id='word_1_341' title='bbox 646 4511 707 4566; x_wconf 89' lang='lat' dir='ltr'><strong>coll.</strong></span> <span class='ocrx_word' id='word_1_342' title='bbox 720 4511 752 4566; x_wconf 83' lang='lat' dir='ltr'><strong>de</strong></span> <span class='ocrx_word' id='word_1_343' title='bbox 764 4511 820 4563; x_wconf 87' lang='lat' dir='ltr'><strong>vita</strong></span> <span class='ocrx_word' id='word_1_344' title='bbox 832 4527 853 4562; x_wconf 89' lang='lat' dir='ltr'><strong>c.</strong></span> <span class='ocrx_word' id='word_1_345' title='bbox 866 4510 885 4570; x_wconf 81' lang='grc'>4</span> <span class='ocrx_word' id='word_1_346' title='bbox 897 4513 947 4574; x_wconf 86' lang='lat' dir='ltr'><strong>in.;</strong></span> <span class='ocrx_word' id='word_1_347' title='bbox 962 4517 1028 4584; x_wconf 80' lang='lat' dir='ltr'><strong>part.</strong></span> <span class='ocrx_word' id='word_1_348' title='bbox 1042 4527 1084 4563; x_wconf 87' lang='lat' dir='ltr'><strong>an.</strong></span> <span class='ocrx_word' id='word_1_349' title='bbox 1098 4511 1119 4578; x_wconf 87' lang='lat'><strong>1,</strong></span> <span class='ocrx_word' id='word_1_350' title='bbox 1135 4509 1159 4569; x_wconf 82' lang='lat'><strong>1.</strong></span> <span class='ocrx_word' id='word_1_351' title='bbox 1173 4509 1245 4566; x_wconf 81' lang='lat' dir='ltr'><strong><em>639b</em></strong></span> <span class='ocrx_word' id='word_1_352' title='bbox 1259 4511 1306 4577; x_wconf 74' lang='lat'><strong>195</strong></span> <span class='ocrx_word' id='word_1_353' title='bbox 1317 4513 1397 4580; x_wconf 83' lang='lat' dir='ltr'><strong>phys.</strong></span> <span class='ocrx_word' id='word_1_354' title='bbox 1409 4513 1448 4578; x_wconf 87' lang='lat'><strong>11,</strong></span> <span class='ocrx_word' id='word_1_355' title='bbox 1462 4513 1487 4569; x_wconf 87' lang='lat'><strong>8.</strong></span> 
     </span>
    </p>
   </div>
   <div class='ocr_carea' id='block_1_5' title="bbox 0 0 1592 5236">
    <p class='ocr_par' dir='ltr' id='par_1_5' title="bbox 0 0 1592 5236">
     <span class='ocr_line' id='line_1_40' title="bbox 0 0 1592 5236; baseline 0 0"><span class='ocrx_word' id='word_1_356' title='bbox 0 0 1592 5236; x_wconf 95' lang='lat' dir='ltr'><strong> </strong></span> 
     </span>
    </p>
   </div>
  </div>
 </body>
</html>
