3156 5246
811 434 1101 500 ..50...v

340 605 441 676 (iuius
464 607 552 674 vocis
575 606 601 672 si
626 627 708 696 quae
730 605 850 672 tradita
873 614 922 670 est
943 604 1087 672 definitio
1094 657 1103 689 ,
1125 605 1201 670 inde
1222 627 1263 672 ex
1279 628 1318 674 ea
1340 603 1506 673 emanabit
1555 639 1556 652 θ

340 711 375 778 id
399 710 485 801 quod
508 709 704 798 cogitatione
726 731 812 774 nunc
834 707 1046 774 hauriendum
1071 718 1130 774 est.
1157 747 1194 760 -
1220 779 1222 784 ,
1381 713 1384 722 “

425 919 477 985 27.
509 920 616 1006 Atque
643 916 727 980 hanc
756 912 795 978 de
824 936 889 1002 qua
911 913 1018 1000 agitur
1040 914 1259 982 definitionem
1281 915 1417 1002 praebet
1440 915 1506 984 No·

340 1035 416 1106 ster,
439 1022 536 1110 idque
560 1018 688 1109 quidem
710 1017 742 1082 in
764 1016 833 1081 cius
852 1015 915 1080 loci
936 1025 1100 1099 contextu,
1124 1040 1221 1104 quem
1237 1017 1350 1082 crebro
1372 1018 1504 1084 laudavi

341 1125 428 1209 (Pol.
450 1123 509 1204 IV,
535 1123 604 1206 13),
634 1145 707 1186 cum
736 1119 898 1184 hominem
919 1118 1054 1205 probum
1079 1117 1192 1183 doceat
1213 1141 1285 1184 esse
1307 1119 1421 1204 talem,
1454 1123 1503 1188 oui

341 1237 471 1316 propter
492 1225 642 1290 virtutem
665 1226 750 1289 bona
772 1221 836 1286 sint
858 1242 896 1285 ea
919 1243 1001 1308 quae
1023 1221 1174 1286 universe
1197 1232 1272 1287 sunt
1293 1245 1332 1287 ac
1354 1225 1505 1312 simplici-

339 1341 389 1396 ter
414 1328 499 1393 bona
526 1323 596 1410 (ὅτι
617 1319 772 1404 τοιοῦτός
793 1321 885 1391 ἐστιν
908 1317 926 1389 ὃ
950 1325 1146 1403 σπουδαῖος,
1170 1311 1197 1411 ᾧ
1220 1322 1278 1390 διὰ
1299 1322 1359 1410 τὴν
1381 1319 1504 1413 ἀρετήν

340 1431 413 1520 [cd]
444 1425 561 1518 ἀγαθά
592 1428 664 1498 ἐστι
690 1428 732 1495 roi
761 1422 879 1506 ἁπλῶς
909 1420 1055 1509 ἀγαθά.)
1089 1465 1124 1474 -
1154 1427 1221 1494 Ubi
1250 1428 1336 1517 quod
1363 1428 1502 1515 legimus

340 1535 433 1624 [rd],
466 1557 577 1600 vocem
609 1533 700 1599 uncis
730 1533 902 1613 inclusam,
933 1541 1020 1595 recte
1048 1531 1117 1595 sine
1145 1531 1210 1596 ulla
1237 1530 1439 1598 dubitatione
1472 1543 1503 1598 ut

340 1641 504 1706 deleamus
528 1636 694 1702 admonuit
715 1633 1033 1720 Trendelenburgus.
1059 1671 1095 1680 -
1128 1637 1173 1699 At
1194 1634 1319 1722 pondus
1341 1633 1429 1701 illius
1454 1636 1502 1702 da

338 1741 491 1808 finitionis
515 1749 547 1805 et
577 1738 720 1827 gravitas
748 1737 781 1803 in
809 1759 846 1802 eo
875 1737 1081 1825 perspicuum
1116 1746 1165 1801 est
1187 1737 1377 1821 consistere,
1414 1739 1499 1826 quod

337 1844 438 1910 verba
467 1865 549 1930 quae
577 1851 652 1907 sunt
679 1835 796 1927 ἀγαθά
819 1850 852 1906 et
879 1838 922 1907 ud
951 1834 1071 1919 ἁπλῶς
1093 1833 1211 1927 ἀγαθά
1240 1840 1324 1905 inter
1346 1864 1382 1907 se
1404 1865 1501 1931 oppo

336 1956 472 2013 nuntur:
506 1968 642 2034 quorum
676 1944 837 2010 distinctio
866 1967 904 2010 eo
934 1946 1019 2034 quod
1048 1954 1097 2010 eet
1128 1937 1247 2024 ἁπλῶς
1275 1944 1328 2010 vel
1361 1947 1499 2012 maxime

338 2049 547 2137 significatur,
571 2071 635 2136 quo
659 2046 834 2113 accedente
857 2049 1096 2136 angustioribus
1117 2048 1234 2114 finibus
1256 2048 1343 2113 notio
1368 2048 1499 2116 circum·

339 2153 509 2220 scribatur.
550 2150 652 2216 Verbi
675 2159 783 2215 autem
805 2150 854 2216 vis
877 2174 916 2216 eo
938 2151 1112 2239 praecipue
1132 2150 1276 2238 adparet,
1301 2150 1388 2238 quod
1410 2176 1498 2218 voca·

337 2256 448 2322 bulum
473 2252 560 2343 quod
582 2262 634 2318 est
654 2247 735 2331 τινί,
767 2251 794 2317 si
821 2275 900 2336 non,
929 2266 964 2319 ut
992 2275 1150 2341 persaepe
1171 2253 1225 2334 fit,
1253 2253 1375 2342 ipsum,
1403 2279 1495 2321 sensu

339 2370 447 2426 tamen
470 2357 554 2445 apud
577 2356 733 2421 Nostrum
756 2356 826 2420 fere
848 2377 977 2444 semper
1004 2357 1187 2445 oppositum
1209 2356 1363 2422 invenies.
1395 2395 1432 2406 -
1461 2359 1493 2424 In
1555 2337 1556 2356 Χ

214 2531 217 2538 ,
338 2486 401 2550 quo
431 2462 492 2526 boc
518 2453 599 2538 τινί,
636 2471 801 2546 tamquam
832 2459 958 2524 dativus
985 2483 1156 2546 personae,
1193 2483 1267 2526 eum
1294 2460 1491 2548 singulariter

337 2564 388 2630 cui
412 2562 533 2650 aliquid
555 2563 675 2628 bonum
700 2573 748 2626 est
770 2561 941 2649 significat.
967 2599 1003 2609 -
1028 2562 1121 2628 Haec
1144 2563 1301 2652 oppositio
1324 2563 1388 2630 iam
1411 2587 1495 2651 prae-

338 2669 422 2733 clare
438 2665 636 2754 Topicorum
651 2665 721 2730 loco
746 2663 826 2746 (III,
846 2667 873 2728 1.
892 2664 1016 2730 116119
1033 2667 1097 2752 sq.)
1120 2665 1306 2750 illustratur,
1322 2666 1377 2732 ubi
1391 2689 1493 2730 exem-

335 2770 380 2858 pli
404 2770 508 2857 gratia
529 2762 734 2856 ὑγιάζεσθαι
755 2767 816 2833 τοῦ
837 2765 1023 2848 τέμνεσθαι
1049 2803 1085 2814 -
1116 2791 1227 2833 sanum
1249 2769 1319 2833 fieri
1342 2779 1372 2834 et
1391 2766 1489 2831 secari

340 2909 376 2920 -
401 2872 447 2936 ita
470 2870 707 2954 discernuntur,
730 2879 765 2936 ut
789 2909 825 2918 -
850 2871 918 2936 scil.
942 2880 1075 2956 aegroto
1098 2870 1193 2936 alicui
1217 2909 1253 2918 -—
1278 2871 1352 2938 illud
1372 2868 1408 2937 ad
1428 2870 1492 2953 μὲν

337 2974 399 3065 γὰρ
423 2968 538 3053 ἁπλῶς
561 2968 696 3060 ἀγαθόν
720 2974 884 3058 (universe
900 2973 1048 3057 bonum),
1072 2975 1133 3039 hoc
1154 2971 1193 3041 τὸ
1216 2973 1255 3042 δὲ
1276 2970 1341 3040 τινί
1362 2974 1494 3060 (singuli
1551 3009 1552 3012 ¹

342 3079 484 3161 cuidam)
514 3100 609 3166 porro
634 3077 766 3143 dicatur.
815 3077 1000 3164 Utrumque
1024 3086 1071 3141 est
1104 3077 1237 3142 bonum:
1271 3077 1355 3143 aliud
1385 3087 1494 3143 autem
1551 3031 1552 3091 l

334 3184 454 3249 bonum
477 3190 527 3246 est
551 3180 591 3248 τὸ
613 3173 748 3262 ἁπλῶς,
779 3179 865 3246 aliud
887 3177 925 3246 cd
951 3175 1033 3257 τινί,
1063 3201 1134 3244 cum
1155 3177 1232 3246 illud
1261 3174 1493 3269 (ὑγιάζεσθαι)
1550 3135 1551 3210 l

338 3285 488 3350 universe
516 3283 558 3351 sit
580 3294 612 3350 et
640 3285 800 3367 absolute,
832 3285 893 3348 hoc
916 3281 1146 3366 (τέμνεσθαι),
1173 3285 1329 3352 relatione
1357 3286 1495 3374 quadam
1549 3235 1550 3327 l

338 3389 479 3469 adiecta,
504 3397 591 3454 certo
616 3387 742 3453 cuidam
765 3386 886 3452 homini
909 3387 961 3450 vel
984 3384 1138 3450 animanti
1162 3385 1292 3456 bonum.
1318 3428 1356 3437 -
1381 3391 1495 3458 Huius·
1548 3363 1549 3446 l

335 3492 420 3558 modi
437 3492 469 3557 in
487 3490 611 3557 Ethieis
632 3512 715 3579 quae
729 3488 948 3554 Nicomachea
965 3487 1114 3556 dicuutur
1128 3491 1185 3575 (V,
1200 3493 1230 3556 2.
1248 3493 1492 3584 1129t1sqq.).

334 3595 384 3660 De
414 3595 541 3694 homipe
571 3592 687 3658 iniusto
716 3590 859 3655 definitio
893 3592 1096 3680 proponitur,
1131 3594 1185 3683 qui
1219 3595 1418 3685 πλεονέκτης
1447 3604 1491 3678 sit,

337 3721 410 3763 curn
437 3699 509 3786 plus
532 3720 629 3785 quam
651 3715 711 3780 par
733 3691 775 3758 sit
796 3691 856 3757 sibi
879 3693 1032 3782 deposcat
1059 3695 1231 3780 bonorum,
1259 3722 1323 3765 non
1353 3703 1490 3768 omnium

338 3800 477 3884 omniuo,
499 3800 555 3866 sed
579 3819 688 3864 eorum
716 3805 842 3862 tantum
870 3807 1025 3885 quantum
1049 3799 1090 3864 ad
1113 3801 1286 3867 secundam
1308 3801 1360 3866 vel
1384 3805 1491 3870 adver·

340 3925 407 3969 sam
431 3905 592 3968 fortunam
614 3898 783 3986 attingant,
806 3921 889 3988 quae
905 3901 969 3964 sint
983 3901 1068 3967 bona
1089 3905 1237 3972 universe
1257 3897 1408 3990 (ἁπλῶς)
1434 3907 1491 3996 qui·

337 4006 410 4072 dem
433 4029 471 4072 ac
494 4001 679 4089 simpliciter
696 4003 753 4069 illa
768 4025 905 4090 semper,
928 4003 1003 4070 huic
1018 4007 1070 4072 vel
1089 4008 1135 4074 illi
1158 4005 1254 4092 (τινί)
1277 4033 1342 4076 non
1359 4031 1491 4100 semper.

337 4109 493 4176 Homines
515 4128 603 4189 vero,
625 4105 740 4196 inquit,
761 4107 841 4172 haec
863 4107 925 4172 sibi
948 4108 1031 4174 votis
1055 4122 1232 4200 exposcunt
1248 4122 1280 4178 et
1299 4136 1493 4204 persequun-

337 4222 399 4278 tur.
437 4210 477 4276 Id
492 4230 569 4275 vero
584 4208 653 4276 fieri
669 4233 733 4282 non
756 4220 916 4298 oportere,
939 4211 1035 4279 immo
1051 4237 1128 4281 vero
1149 4215 1349 4282 exorandum
1364 4217 1492 4285 homini-

336 4315 397 4382 bus
420 4313 619 4403 potissimum
642 4335 722 4395 esse,
745 4323 781 4378 ut
803 4336 886 4401 qnae
907 4314 1095 4402 simpliciter
1119 4327 1216 4406 atque
1238 4320 1398 4403 universe,
1421 4323 1452 4386 h.
1467 4343 1491 4384 θ.

335 4420 362 4484 si
377 4440 442 4483 non
457 4416 648 4499 distinxeris,
664 4417 749 4481 bona
763 4415 827 4482 siut
845 4415 902 4500 (ad
919 4410 1037 4499 ἁπλῶς
1052 4413 1195 4506 ἀγαθά),
1218 4442 1258 4486 θθ
1276 4443 1404 4512 quoquc
1421 4421 1490 4508 (καὶ

336 4515 447 4601 αὐτοῖς
468 4514 584 4607 ἀγαθὰ
599 4510 702 4603 εἶναι)
725 4519 762 4584 iis
781 4519 858 4607 ipsis
879 4520 943 4587 sint
958 4522 1058 4588 bona:
1082 4523 1226 4610 (quodsi
1248 4527 1384 4612 eveniat,
1406 4527 1488 4606 tum)
