3154 5252
615 385 823 452 ...39-

136 559 285 652 quamvis
315 559 378 625 sint
405 559 555 625 universe
583 558 682 640 dictu,
716 557 880 644 singulare
907 558 1029 648 aliquid
1058 568 1090 625 et
1116 559 1297 650 philosophi

71 728 85 732 -
136 664 236 730 nostri
259 659 423 752 proprium
445 660 540 743 inest,
564 684 660 748 quam
678 660 717 726 ob
734 682 802 726 rem
819 659 977 747 inprimis
994 662 1033 727 ad
1050 662 1116 728 eius
1134 663 1173 727 de
1190 663 1295 728 anima

139 763 315 834 doctrinam
339 764 495 830 ducimur.

223 972 271 1036 21.
297 971 418 1036 Forma
441 969 527 1058 apud
543 969 750 1036 Aristotelem
774 994 845 1036 curn
869 970 902 1035 in
918 971 1070 1036 universa
1092 983 1160 1039 tum
1182 973 1214 1038 in
1236 973 1296 1038 sin·

135 1075 235 1160 gulae
258 1073 411 1161 tulusque
435 1071 483 1136 rei
504 1083 619 1139 natura
641 1083 673 1137 et
695 1073 892 1160 perfectione
915 1098 978 1139 non
1002 1085 1151 1140 constans
1176 1075 1295 1164 aliquid

136 1187 193 1243 aut
221 1198 354 1242 manens
381 1174 553 1262 significat,
588 1178 738 1263 quoniam
767 1175 876 1242 statim
904 1180 1053 1243 materies
1085 1177 1155 1242 fieri
1190 1189 1296 1266 potest

139 1277 344 1368 quodmodo
367 1276 470 1342 forma
491 1277 550 1342 fuit
572 1300 775 1368 expressum,
805 1278 849 1343 ita
873 1289 907 1344 ut
930 1281 1121 1347 Aristoteles
1145 1280 1296 1367 quodum·

137 1382 236 1450 modo
260 1406 356 1448 unum
381 1391 507 1446 censeat
530 1403 600 1446 esse
631 1377 680 1464 (ἓν
703 1376 777 1462 πώς
799 1380 902 1466 ἐστιν)
933 1383 966 1447 id
989 1381 1073 1469 quod
1096 1384 1240 1469 potentia
1264 1394 1295 1449 et

137 1484 173 1550 id
197 1484 280 1571 quod
303 1493 374 1549 actu
396 1485 437 1547 sit
459 1483 552 1566 (Met.
573 1483 655 1566 VII,
679 1485 709 1550 6.
736 1485 897 1551 1045u17
919 1487 1018 1574 sqq.).
1064 1484 1235 1572 Sequitur,
1259 1495 1295 1549 ut

139 1585 311 1675 incipiente
333 1585 455 1652 actione
482 1586 523 1650 ad
545 1585 684 1674 primum
713 1587 803 1654 illum
826 1589 943 1676 agendi
966 1589 1087 1653 fontem
1111 1586 1293 1652 necessario

142 1711 339 1771 revocemur,
363 1688 402 1752 ud
425 1689 561 1756 formam
583 1690 703 1758 scilicet
725 1691 900 1757 formarum
925 1683 1031 1775 (εἶδος
1054 1686 1183 1772 εἰδῶν),
1208 1713 1239 1778 q.
1265 1711 1292 1754 o.

54 1794 80 1812 '⁵
141 1791 316 1858 intellectus
333 1794 440 1876 (νοῦς)
453 1792 489 1876 ¹),
514 1815 576 1880 quo
592 1792 686 1859 simul
705 1815 802 1859 oseca
818 1805 951 1860 naturae
971 1795 1145 1860 necessitas
1162 1793 1293 1882 solaque

136 1893 281 1980 patiendi
303 1895 441 1986 conditio
467 1894 557 1983 quasi
582 1905 736 1984 perrupta
758 1908 865 1985 potest
888 1897 1000 1962 videri.
1020 1935 1056 1944 -
1081 1896 1139 1963 Uti
1163 1895 1292 1984 quidem

134 2019 248 2062 manus
272 1998 357 2064 dicta
372 2010 421 2064 est
444 1989 602 2086 (ὄργανον
617 1992 780 2085 ὀργάνων)
804 2000 1088 2066 instrumentorum
1105 1998 1294 2064 instrumen-

131 2108 200 2166 tum
225 2100 275 2165 vel
297 2103 544 2168 instrumentum
566 2112 640 2168 ante
660 2104 907 2169 instrumentum
930 2095 1086 2190 (ὄργανον
1102 2101 1174 2189 πρὸ
1198 2094 1293 2189 ὀργά-

129 2206 223 2286 νων),
242 2203 263 2268 i.
281 2228 308 2270 e.
332 2204 579 2271 instrumentum
602 2204 671 2270 sine
695 2228 757 2294 quo
781 2205 904 2270 nullum
927 2204 1012 2270 aliud
1036 2226 1095 2269 nec
1125 2205 1291 2292 conparari

126 2328 192 2372 neo
216 2307 349 2372 tractari
370 2317 492 2396 potest,
520 2307 566 2372 sic
593 2308 774 2374 intellectus
802 2309 909 2390 (νοῦς)
939 2317 1002 2391 est,
1031 2307 1291 2391 eminentissima,

128 2419 166 2474 ut
188 2408 333 2492 videtur,
358 2410 447 2476 verbi
469 2410 646 2492 sententia,
675 2412 852 2478 formarum
875 2414 978 2478 forma
1002 2401 1107 2494 (εἶδος
1130 2404 1290 2492 stodor).

132 2512 347 2578 Discernendi
385 2513 657 2602 abstrahendique
695 2515 883 2580 facultatem
923 2514 1054 2602 respicit
1090 2513 1289 2579 Aristoteles.

135 2613 290 2682 Sensibus
314 2610 493 2704 (αἴσθησις
520 2608 610 2696 εἶδος
633 2612 837 2706 αἰσθητῶν),
865 2617 998 2682 materie
1025 2617 1154 2698 relicta,
1184 2638 1290 2681 rerum

131 2717 255 2806 species
286 2743 324 2786 ac
352 2720 476 2786 formae
505 2744 587 2808 quae
616 2743 651 2784 se
677 2722 827 2786 obferunt
860 2719 1092 2809 percipiuntur:
1124 2719 1290 2784 intellectu

128 2830 248 2905 autem,
272 2831 437 2912 tamquam
453 2825 571 2890 sollerti
589 2824 777 2912 efficacique
792 2823 1000 2908 intellegendi
1022 2829 1190 2912 potestate,
1213 2845 1291 2887 vera

130 2946 239 2989 rerum
265 2937 382 2993 nature
409 2949 449 2992 ex
473 2927 663 2993 necessitate
693 2926 831 3015 quadam
862 2927 1064 3013 cognoscitur
1091 2949 1129 2990 sc
1152 2925 1292 3011 praefor-

130 3037 251 3093 matur:
279 3029 339 3111 ita‚
362 3041 396 3096 ut
416 3030 613 3113 intellectus,
637 3054 699 3118 quo
723 3029 903 3096 accidentia
926 3032 1033 3095 omniu
1055 3029 1289 3117 relinquuntur,

130 3142 164 3196 et
185 3131 255 3218 ipse
269 3130 477 3219 intellegendi
500 3132 603 3198 forma
627 3145 658 3196 et
675 3132 765 3220 quasi
781 3133 852 3198 fons
869 3134 911 3197 sit
925 3156 964 3196 ac
980 3131 1180 3220 principium,
1204 3129 1289 3195 unde

129 3245 260 3299 caetera
283 3237 389 3302 omniu
412 3235 569 3322 originem
592 3235 714 3300 ducunt
737 3234 975 3322 exsistendique
999 3235 1118 3300 habent
1138 3231 1290 3297 conditio'-

129 3360 218 3402 nem.
239 3375 275 3384 -
295 3338 382 3402 Hine
405 3337 490 3404 enim
513 3337 684 3404 artificiose
707 3337 761 3402 illa
782 3337 925 3423 fingendi
943 3337 1024 3402 aetio
1042 3330 1287 3424 (dpuiqeosr)³)

128 3440 258 3506 initium
280 3441 381 3528 eupit,
405 3465 468 3528 qua
492 3440 619 3506 conscio
643 3440 750 3506 animo
774 3436 810 3521 ἐξ
831 3434 985 3527 ἀμόρφου
1007 3435 1087 3527 ὕλης
1107 3439 1226 3519 forma,
1254 3446 1289 3501 ut

128 3542 177 3607 ita
205 3542 322 3625 dicam,
350 3544 517 3609 eximatur.
562 3523 876 3630 Accuratius'igitur
898 3543 924 3607 si
948 3543 995 3608 rei
1020 3553 1168 3608 naturam
1190 3540 1289 3605 intue-

129 3668 218 3728 mur,
245 3643 285 3712 τὸ
314 3641 459 3732 κριτικόν
481 3647 531 3712 hic
553 3647 654 3726 valet,
679 3646 881 3713 discernendi
903 3647 1055 3729 facultas,
1085 3646 1174 3710 cuius
1198 3653 1288 3708 actus

129 3771 197 3813 unu
219 3758 252 3814 et
274 3749 388 3814 mentis
413 3759 445 3813 et
467 3771 578 3814 sensus
602 3771 771 3814 commune
794 3749 908 3813 dicitur
937 3772 1016 3837 opus
1041 3771 1124 3831 esse,
1150 3786 1187 3796 -
1212 3747 1288 3813 δια-

128 3847 225 3932 νοίας
248 3848 343 3940 ἔργον
365 3849 421 3919 καὶ
444 3846 645 3940 αἰσθήσεως,
662 3891 699 3901 -
718 3875 782 3940 quo
805 3850 903 3917 animi
926 3852 1091 3940 perceptio
1109 3850 1148 3916 ad
1166 3851 1287 3916 claram

128 4035 330 4046 *ιι-...-

205 4129 223 4196 ¹)
242 4130 282 4180 De
300 4147 341 4182 un.
358 4133 408 4194 ΙΙΙ,
429 4133 452 4187 8.
472 4131 574 4186 43Ξηῖ
590 4147 646 4198 sqq.
665 4131 725 4184 coll.
744 4131 791 4195 ΠΙ,
809 4130 827 4183 4
845 4131 892 4198 (pr.
905 4130 980 4186 4291:
994 4130 1028 4185 22
1040 4147 1110 4198 sqq.;
1130 4131 1287 4184 Trondelen·

127 4217 207 4285 burg,
222 4233 314 4270 comm.
328 4237 350 4273 o.
364 4221 412 4285 111,
424 4219 442 4274 4
459 4221 474 4283 §
487 4221 504 4275 3
523 4238 547 4290 p.
560 4219 627 4284 469;
647 4235 669 4270 c.
682 4217 717 4284 5).
1114 4275 1116 4277 .

202 4305 222 4369 Ἰ
242 4307 283 4358 De
296 4303 398 4373 ansul,
416 4309 434 4363 8
452 4309 511 4360 coll.
525 4310 557 4360 de
569 4313 634 4375 psrt.
648 4325 689 4362 un.
707 4309 753 4372 lv,
772 4307 789 4361 9
810 4307 1044 4375 (Trendeleubnrg,
1062 4307 1144 4386 Arist.
1158 4308 1189 4360 do
1206 4323 1247 4358 an.
1261 4321 1284 4371 p·

125 4393 182 4452 525
193 4395 278 4550 lillb.
293 4485 338 4548 ΙΙΙ,
351 4481 375 4537 4.
394 4483 468 4540 429b
482 4484 516 4540 18
529 4501 584 4552 sqq.
605 4485 677 4550 (coll.
691 4499 782 4538 comm.
800 4483 1015 4550 Trondelenburg
1033 4483 1048 4544 ξ
1060 4483 1077 4537 8
1095 4499 1119 4551 P.
1133 4479 1202 4546 478).
