3154 5252
791 448 997 514 „24-

318 621 504 690 minandum
515 621 548 686 in
561 621 668 687 omnia
679 619 772 685 simul
785 619 940 706 dignitate
953 619 1105 685 inferiora
1119 620 1206 703 (Pol.
1216 621 1242 702 I,
1253 621 1284 685 8.
1300 621 1406 686 12:361>
1420 621 1475 702 lo)

319 725 378 791 diis
394 725 550 812 voluptati
568 723 657 811 quasi
674 745 714 788 cx
729 723 859 788 officina
873 732 1007 788 naturae
1023 723 1145 788 exstitit
1156 723 1190 806 ¹),
1211 723 1316 804 bomo,
1332 723 1476 810 iuquam,

319 829 461 914 potentia
484 821 665 910 (ὄύναμει),
690 848 752 912 quo
769 848 845 890 vere
860 825 955 890 horno
971 821 1148 914 (ἐνεργείᾳ)
1171 826 1242 889 fieri
1260 825 1369 910 possit.
1408 823 1477 890 Sin·

317 933 393 1016 gula
409 932 495 997 dicas
519 929 767 1020 explicationem
790 927 987 992 desiderare:
1011 941 1044 994 at
1065 929 1248 996 summatim
1270 951 1354 993 nunc
1377 928 1478 992 brevi-

320 1045 433 1122 terque
448 1033 646 1100 haecomnia
664 1031 825 1119 descripta
842 1031 952 1114 habes,
977 1030 1017 1096 de
1034 1033 1149 1120 quibus
1166 1030 1348 1097 accuratius
1366 1040 1477 1118 postca

322 1148 353 1203 et
376 1136 542 1202 dilucidius
564 1134 725 1222 agendum
749 1135 820 1198 erit.

407 1345 455 1408 12.
487 1342 532 1408 Ut
553 1341 651 1428 igitur
673 1349 789 1406 natura
812 1339 975 1406 bominum
990 1340 1197 1425 generatione
1213 1339 1479 1425 perfectissimum

323 1445 443 1533 aliquid
466 1453 639 1510 consecuta
662 1455 710 1510 est
733 1443 835 1530 (dep.
854 1465 905 1509 an.
922 1443 967 1525 ΙΙ,
992 1445 1039 1507 10.
1062 1443 1149 1508 daeo
1165 1443 1205 1506 37
1223 1444 1326 1530 sqq.):
1350 1441 1398 1508 sic
1421 1445 1479 1507 hoc

320 1550 455 1630 curavit,
478 1561 513 1613 ut
535 1557 629 1612 natus
653 1570 690 1611 ea
714 1567 797 1632 quae
820 1543 860 1609 ad
882 1547 981 1609 vitam
1005 1544 1176 1610 vivendam
1199 1545 1384 1610 necessaria
1408 1555 1479 1610 sunt

322 1652 479 1716 inveniret
502 1652 609 1730 homo,
634 1660 665 1714 et
687 1648 916 1714 nutrimentum
938 1647 971 1711 in
994 1648 1066 1712 sinu
1088 1649 1199 1712 matris
1223 1656 1255 1711 et
1274 1647 1398 1713 victum
1422 1647 1479 1712 cul·

321 1767 453 1842 tumque
469 1755 501 1819 in
519 1753 612 1818 domo
636 1761 771 1840 paterna
795 1760 922 1838 praesto
947 1751 1081 1816 haberet
1103 1751 1188 1833 (Pol.
1206 1750 1265 1831 IV,
1287 1751 1324 1814 17
1341 1751 1385 1815 in.
1413 1750 1477 1816 coll.

322 1856 361 1922 de
376 1880 459 1942 resp.
477 1879 504 1920 c.
523 1859 559 1920 ll
582 1855 653 1937 in).
698 1853 784 1918 Hinc
811 1855 917 1918 statim
942 1864 976 1917 ut
1000 1876 1018 1916 a
1041 1853 1150 1940 primis
1179 1851 1345 1918 cunabulis
1366 1863 1478 1920 natura

322 1958 488 2024 educatrix
510 1958 653 2038 videtur,
681 1978 780 2044 quae,
810 1955 967 2044 permissa
990 1959 1076 2020 omui
1098 1956 1130 2020 in
1154 1955 1330 2021 excolendo
1353 1956 1477 2022 homine

323 2061 479 2144 libertate,
502 2085 565 2127 non
590 2061 707 2126 desinit
728 2059 760 2123 id
784 2059 876 2146 quasi
898 2057 1022 2142 videre,
1046 2071 1081 2124 ut
1103 2058 1296 2145 permultum
1319 2059 1428 2123 valeat
1448 2067 1477 2122 et

324 2165 354 2228 iu
380 2166 526 2230 omnibus
548 2165 644 2228 rebus
668 2185 750 2251 quae
772 2185 836 2227 nou
860 2184 959 2247 penes
977 2186 1034 2228 nos
1050 2174 1123 2228 sunt
1146 2163 1226 2246 (τῶν
1243 2154 1304 2228 οὐκ
1319 2155 1372 2250 ἐφ’
1389 2155 1474 2250 ἡμῖν)

326 2278 357 2330 et
378 2291 474 2352 porro
498 2269 594 2332 etiam
622 2268 662 2332 ad
691 2266 886 2331 destinatum
914 2266 992 2330 illud
1021 2266 1105 2353 quod
1128 2275 1230 2332 totum
1252 2264 1413 2330 hominem
1436 2279 1474 2330 at·

324 2369 403 2434 tinet
425 2374 526 2458 magis
549 2371 717 2458 magisque
740 2367 992 2456 adaequandum.
1024 2407 1061 2416 -
1092 2370 1176 2436 Nam
1201 2369 1339 2436 multum
1369 2369 1472 2434 abesse

326 2473 531 2560 perspicuum
556 2484 612 2553 cst,
636 2483 671 2539 ut
693 2472 822 2536 bomine
844 2481 917 2536 nato
942 2482 974 2537 et
997 2473 1091 2538 certis
1115 2473 1307 2560 quibusdam
1329 2472 1472 2538 facultati-

325 2576 385 2638 bus
413 2576 568 2642 instructo
595 2586 711 2641 natura
738 2573 798 2639 sibi
828 2574 1020 2641 satisfecisse
1042 2576 1197 2641 videatur.
1244 2574 1336 2654 Quod
1359 2574 1384 2638 si
1405 2595 1472 2636 con·

326 2680 525 2760 tenderetur,
554 2690 620 2744 tam
649 2678 823 2744 absurdum
850 2676 882 2741 id
911 2687 995 2743 esset
1026 2701 1120 2766 quam
1150 2678 1299 2744 aNostri
1320 2676 1464 2740 sententia

326 2782 473 2846 alionum.
521 2781 612 2861 Quae
637 2782 764 2870 quidem
788 2780 952 2866 capotius
976 2805 1073 2869 quam
1095 2804 1192 2868 supra
1222 2773 1465 2847 commemoravi-

326 2908 396 2949 mus
426 2884 541 2971 duplici
570 2885 695 2951 ratioue
724 2905 877 2969 expressa
906 2893 965 2948 est.
1011 2885 1197 2972 Respondet
1225 2885 1310 2951 enim
1333 2883 1365 2948 id
1392 2877 1471 2969 quod

327 2982 467 3070 δυνάμει
496 2987 670 3074 significari
699 2986 829 3068 dicitur,
855 2985 902 3050 illi
931 2987 1014 3072 quod
1046 2987 1130 3074 apud
1157 2988 1360 3054 Aristotelem
1382 2977 1474 3074 φύσις

328 3101 468 3155 vocatur.
500 3090 598 3157 Cuius
614 3089 701 3156 vocis
718 3089 834 3171 (διχῶς
851 3087 1043 3175 λεγομένης)
1067 3090 1162 3156 etiam
1179 3091 1299 3178 duplex
1319 3090 1403 3154 valet
1422 3084 1477 3166 vis,

328 3206 394 3258 tum
422 3194 575 3259 materiae
599 3196 671 3280 (τῆς
692 3193 752 3276 μὲν
775 3186 820 3273 ὡς
842 3189 945 3279 ὕλης),
968 3194 994 3256 si
1017 3193 1173 3280 originem
1194 3190 1247 3275 (td
1271 3187 1308 3272 ἐξ
1329 3179 1394 3274 οὗ),
1417 3199 1478 3254 tum

327 3299 372 3361 rei
396 3299 556 3385 perfectae
582 3297 633 3361 vel
656 3297 851 3363 substantiae
874 3299 948 3382 (τῆς
971 3291 1000 3362 d
1025 3289 1070 3376 ὥς
1093 3289 1239 3385 οὐσίας),
1262 3296 1289 3362 si
1311 3296 1409 3362 finem
1430 3288 1479 3376 (cd

329 3396 375 3478 εἰς
398 3396 432 3482 ὅ)
456 3400 642 3487 respicimus
666 3401 722 3484 (de
744 3410 824 3490 part.
845 3424 896 3465 an.
914 3402 941 3483 I,
964 3406 992 3467 1.
1012 3402 1103 3465 641o
1118 3400 1160 3464 25
1183 3399 1254 3465 coll.
1278 3399 1373 3487 phys.
1395 3395 1480 3479 11‚2.

331 3506 416 3568 luta
433 3505 498 3586 12).
533 3504 715 3592 Utrumque
739 3505 836 3592 quod,
859 3513 893 3568 ut
915 3505 960 3568 ita
983 3502 1094 3584 dicam,
1117 3503 1150 3567 in
1178 3503 1305 3568 notione
1329 3524 1412 3590 quae
1438 3507 1481 3564 est

329 3603 429 3694 φύσει
451 3607 553 3672 inesse
578 3609 746 3690 docemur,
772 3647 809 3655 -
839 3630 914 3672 nam
942 3607 1137 3695 quincuplcx
1164 3607 1249 3694 apud
1278 3604 1481 3670 Aristotelem

328 3711 406 3775 illud
430 3713 562 3799 verbum
587 3711 733 3800 usurpari
757 3710 882 3776 videtur
894 3709 929 3794 ²),
948 3747 984 3754 -
998 3720 1181 3798 utrumque,
1204 3709 1346 3796 inquam,
1369 3707 1482 3774 nedum

330 3813 462 3878 alterum
487 3815 527 3878 ab
551 3815 652 3879 altero
675 3813 864 3880 excludatur
871 3863 879 3896 ‚
902 3813 934 3877 in
958 3834 1056 3877 unum
1080 3812 1207 3878 demum
1235 3806 1371 3898 (κυρίως
1395 3811 1482 3892 λεγο-

329 3913 410 4001 μένη
433 3966 491 3981 ...
515 3911 534 4005 ἡ
559 3911 658 3985 οὐσία
681 3911 701 4005 ἦ
723 3919 788 3983 τῶν
811 3911 951 4000 ἐχόντων
973 3909 1073 4004 ἀρχὴν
1093 3910 1253 4003 κινήσεως
1274 3912 1308 3982 ἒν
1332 3909 1444 3992 αὑτοῖς
1463 3900 1483 4000 ᾗ

331 4013 432 4101 αὐτά)
457 4023 649 4088 conveniunt
671 4023 765 4104 (Met.
783 4021 822 4103 V,
844 4025 874 4086 4.
902 4021 1013 4085 1015o·
1037 4021 1075 4084 13
1091 4023 1166 4109 sq).
1213 4021 1317 4108 [Haec
1349 4041 1425 4083 vero
1448 4016 1484 4079 de

333 4147 396 4210 qua
419 4124 579 4212 loquimur
595 4125 777 4191 Aristotelis
800 4124 959 4190 sententia
981 4123 1087 4190 multis
1102 4149 1166 4190 non
1187 4125 1282 4190 modo
1305 4122 1370 4186 iam
1393 4141 1485 4208 supra

408 4378 415 4403 ¹
445 4378 590 4427 Eth.N.X
633 4380 703 4428 .s.f.

323 4463 328 4477 ⁸
403 4379 425 4528 1))
441 4465 503 4515 lllct.
521 4467 552 4528 V,
566 4379 665 4517 lididl.
681 4463 839 4531 Schwcgler,
859 4481 951 4516 comm.
969 4465 1016 4530 111,
1033 4481 1058 4531 p.
1077 4463 1143 4526 1983
1164 4464 1259 4515 Bonita
1277 4479 1301 4530 p.
1316 4463 1368 4518 229
1386 4457 1485 4528 (1014t

331 4552 363 4604 17
377 4553 452 4618 sqq).
