3156 5246
609 429 815 493 ..31-

131 597 325 664 Aristoteles
360 622 475 666 revere
502 621 574 664 esse
601 619 696 685 posse
725 597 785 681 (ib.
806 596 865 682 IV,
889 599 929 666 15
953 599 1001 666 in:
1034 599 1120 668 md
1147 597 1210 686 γὰρ
1232 596 1291 688 τὴν

134 695 337 788 παροιμίαν,
368 697 408 769 οὐ
435 701 535 790 σχολὴ
565 695 717 783 δούλοις)
728 701 765 784 ¹).
818 700 929 768 Servis
959 703 1083 770 nullum
1114 702 1225 770 otium.
1246 738 1287 751 -

131 803 250 892 Itaque
277 827 298 868 a
324 805 458 888 teneris,
485 803 523 884 ἐξ
548 797 691 870 ἁπαλῶν
717 796 859 884 ὀνύχων,
888 814 923 870 ut
949 802 1072 870 Graevi
1098 805 1223 888 dicunt,
1251 827 1290 870 eo

129 916 278 994 spectare
311 907 410 974 debet
440 907 586 974 educatio
620 917 664 974 etr
685 905 858 988 institutio,
889 905 975 994 quod
1005 907 1120 974 adultis
1147 909 1213 974 otio
1242 918 1291 974 est

129 1011 175 1091 (c.
193 1007 270 1074 141.
286 1010 336 1092 1.).
374 1009 553 1076 Puerorum
576 1009 700 1076 animos
716 1008 890 1096 accipimus
906 1030 1034 1096 semper
1048 1009 1170 1098 aliquid
1192 1031 1291 1098 agere

127 1111 224 1192 nelle,
248 1133 377 1198 semper
398 1111 506 1198 aliqua
528 1135 563 1179 re
585 1113 739 1199 gaudere,
761 1110 957 1199 deposcente
971 1119 1088 1177 natura
1110 1113 1290 1196 (P01.v‚6

128 1211 237 1297 in.)‘).
263 1249 308 1260 -
336 1212 442 1292 Quam
470 1214 511 1279 ob
538 1237 606 1280 rem
633 1213 824 1280 Aristoteles
851 1235 976 1278 summo
1001 1214 1106 1280 studio
1136 1215 1291 1282 musicem

128 1314 239 1381 doceri
261 1317 475 1399 commendat,
500 1341 564 1404 qua
585 1327 654 1382 arte
668 1338 785 1403 pueros
801 1339 881 1404 opus
899 1335 970 1380 esse
990 1315 1289 1402 quemadmodum

129 1428 163 1482 et
185 1419 359 1505 quemdam
381 1441 484 1506 usque
506 1417 547 1484 ad
570 1417 706 1505 gradum
730 1418 876 1484 exerceri
904 1427 1158 1504 exercentesque
1179 1419 1291 1486 adsue·

129 1519 200 1585 fieri
231 1520 290 1603 (ib.
317 1522 429 1587 lutus
448 1522 491 1588 32
509 1521 613 1608 sqq.),
643 1518 741 1606 idque
763 1541 827 1586 non
849 1518 982 1586 ludendi
1002 1521 1108 1607 gratia
1131 1523 1290 1605 (παιδιᾶς

133 1619 242 1706 ἕνεκα)
263 1645 370 1711 neque
386 1634 421 1690 ut
435 1624 534 1688 animi
549 1623 625 1688 inde
639 1621 780 1688 habeant
794 1620 1038 1709 respirationem
1056 1616 1290 1708 (ἀνάπαυσιν),

134 1725 192 1790 sed
215 1724 298 1792 unde
320 1735 408 1791 recte
431 1725 604 1792 diiudicare
621 1734 653 1790 et
668 1735 766 1805 recte,
790 1733 825 1788 ut
841 1722 964 1806 deceat,
988 1725 1141 1791 delectari
1156 1726 1289 1816 possint,

134 1849 205 1892 eum
226 1829 297 1896 talis
318 1829 360 1894 sit
381 1829 504 1894 musica
526 1850 610 1918 quae
634 1827 761 1892 excolat
783 1824 906 1892 animos
921 1835 1071 1915 spectans
1087 1825 1128 1892 ad
1144 1828 1289 1894 honesta·

133 1938 211 2010 tem,
237 1930 371 1997 virtutes
394 1930 531 1996 morales
558 1927 796 2015 voluntatisque
823 1928 1006 1994 libertatem
1033 1929 1092 2012 (ib.
1118 1929 1234 1995 134οσ
1249 1934 1290 1998 14

129 2033 231 2118 sqq.).
274 2032 390 2118 Neque
417 2033 480 2098 hoc
507 2041 632 2098 tantum
658 2028 712 2112 (sd
735 2025 857 2116 κρίνειν
880 2023 995 2114 ὀρθῶς
1021 2029 1089 2097 καί
1103 2030 1142 2097 τὸ
1162 2027 1291 2120 χαίρειν

127 2137 201 2210 τοῖς
223 2129 405 2200 ἐπιιίνισιν
426 2126 530 2222 ἤθεσι
552 2131 835 2211 saevaesaeuae
855 2126 1014 2219 πράξεσι)
1044 2133 1117 2216 sed,
1149 2133 1181 2200 id
1203 2135 1290 2222 quod

128 2237 193 2298 hoc
219 2233 290 2298 loco
317 2236 527 2322 premendum
548 2247 611 2319 eet,
644 2235 799 2301 musicam
825 2235 1025 2300 tractandam
1057 2235 1178 2318 ποθ’),
1214 2261 1290 2324 quo·

125 2335 215 2400 niam
234 2337 415 2402 necessaria
433 2339 592 2426 quaedam
609 2375 644 2384 -
662 2334 746 2424 πρὸς
759 2335 820 2425 τήν
836 2334 871 2403 ἐν
885 2338 927 2425 τῇ
942 2336 1092 2426 διαγωγῇ
1109 2334 1231 2428 σχολήν
1248 2378 1285 2388 -

127 2435 285 2504 discenda
312 2439 579 2527 instituendoque.
599 2438 677 2521 sint,
710 2438 925 2506 institutiones
949 2447 981 2504 et
1003 2437 1186 2529 disciplinas
1207 2444 1289 2530 ipsa-

127 2562 201 2604 rum
216 2539 321 2628 gratie
337 2541 395 2624 (ib.
411 2543 448 2626 V,
461 2543 492 2608 3.
513 2542 621 2608 13380
635 2543 655 2607 9
671 2542 757 2628 sqq.)
766 2540 806 2624 ⁴).
828 2540 973 2624 Accedit,
989 2550 1026 2607 ut
1037 2541 1124 2630 quod
1138 2553 1289 2610 accurata

128 2640 305 2708 diiudicare
333 2653 365 2708 et
389 2643 570 2710 discernere
595 2644 674 2710 velis
704 2643 772 2730 ipse
794 2653 851 2708 tua
878 2643 1083 2710 contentione
1106 2646 1289 2712 exercueris

126 2766 261 2810 necesse
282 2746 323 2810 sit
345 2745 404 2828 (ib.
422 2745 516 2828 [V‚6
538 2749 610 2830 im).
653 2745 746 2810 Haec
768 2746 933 2811 hactenus.
970 2746 1009 2810 In
1033 2770 1070 2812 eo
1094 2755 1201 2814 autem
1223 2748 1288 2814 No·

126 2855 228 2910 strum
251 2847 424 2914 subsistere
447 2870 511 2914 non
533 2848 675 2934 potuisse
692 2848 738 2914 rei
754 2850 835 2915 tanti
857 2849 973 2931 factae,
996 2848 1103 2914 verbis
1118 2873 1177 2936 pro
1199 2862 1288 2916 certo

130 2947 264 3020 habebis
286 2950 382 3016 etiam
407 2951 454 3016 his
477 2950 553 3033 (1.1.
570 2973 598 3013 o.
618 2951 656 3016 15
675 2949 749 3033 in.):
774 2944 912 3037 ἀνδρίας
932 2949 994 3033 μὲν
1014 2943 1072 3019 οὖν
1094 2951 1151 3018 καί
1173 2961 1288 3040 καρτο-

126 3047 206 3136 ρίας
227 3052 280 3119 δεῖ
299 3052 388 3141 πρὸς
406 3051 466 3142 ιὴν
488 3047 656 3136 ἀσχολίαν,
679 3050 888 3142 φιλοσοφίας
910 3054 949 3122 δὲ
973 3053 1060 3138 πρὸς
1079 3053 1140 3145 τήν
1154 3051 1286 3144 σχολήν.

126 3153 328 3222 Fortitudina
349 3156 447 3243 igitur
468 3167 502 3222 et
518 3155 665 3228 laborum
679 3157 848 3222 tolerantia
869 3156 911 3223 ad
933 3159 1099 3247 negotium
1123 3182 1204 3245 opus
1227 3171 1286 3239 est,

125 3258 328 3345 philosophia
343 3269 449 3326 autem
465 3257 506 3324 ed
521 3258 632 3324 otium.
651 3295 687 3305 —-
706 3257 858 3324 Graviter
874 3260 1043 3326 ferendum
1061 3271 1119 3340 est,
1141 3261 1203 3324 hac
1218 3260 1288 3346 ipsa

123 3358 168 3424 de
190 3381 225 3424 re
248 3359 332 3424 haud
354 3360 448 3446 plura
469 3384 527 3426 nos
548 3359 665 3426 tradita
685 3361 816 3426 hebere.
849 3361 969 3428 Nescio
993 3385 1034 3426 an
1063 3361 1160 3446 longe
1175 3383 1195 3424 a
1209 3382 1286 3426 vero

124 3484 169 3526 ex
191 3461 300 3526 Nostri
322 3463 482 3528 sententia
504 3463 660 3545 aberrem,
685 3487 756 3528 cum
780 3471 933 3549 quantum
955 3463 1071 3549 puerili
1086 3472 1219 3527 naturae
1241 3463 1287 3528 lu·
1359 3459 1364 3470 '

125 3563 188 3630 dus
203 3563 255 3645 sit,
277 3573 402 3628 tantum
417 3565 580 3650 perfectae
596 3565 733 3630 hominis
748 3574 881 3630 naturae
902 3561 934 3628 id
950 3583 1020 3628 esee
1036 3586 1185 3630 censeam
1200 3566 1286 3652 quod

124 3667 234 3730 animo
261 3666 325 3730 otio
359 3675 434 3753 apte
461 3666 580 3733 fruenti
603 3689 761 3734 summam
788 3665 943 3751 praebere
965 3665 1066 3750 possit
1088 3667 1285 3755 voluptatem

126 3769 188 3850 (of.
205 3768 280 3834 Eth.
296 3767 337 3834 N.
353 3768 416 3850 IX,
432 3769 479 3851 9).
493 3804 537 3816 -
552 3768 649 3835 Haud
672 3779 721 3834 eet
741 3768 886 3852 ignotum
910 3767 1091 3856 philosophi
1109 3770 1209 3836 nostri
1225 3771 1286 3848 hoc

128 3869 226 3952 (Met.
250 3869 335 3951 XII,
360 3870 389 3933 7.
415 3871 521 3934 rotet
537 3872 609 3954 24):
637 3865 657 3958 ἦ
682 3865 814 3957 θεωρία
835 3867 875 3936 τὰ
899 3866 1038 3956 ἥδιστον
1058 3871 1115 3938 καί
1137 3863 1283 3958 dioceses.

126 3972 173 4038 Et
194 3971 329 4038 forsitan
351 3995 415 4038 non
438 3970 532 4038 modo
554 3995 619 4039 non
647 3973 787 4038 alienum
815 3972 856 4038 ab
887 3973 947 4036 hae
969 3974 1141 4058 sententia,
1172 4000 1283 4044 verum

126 4135 325 4150 -n-——q-—u

205 4239 222 4303 ¹)
242 4239 278 4290 Cf.
292 4240 352 4290 Eth.
366 4241 396 4290 N.
409 4240 443 4304 X,
457 4237 474 4292 6
486 4247 551 4293 extr.

202 4323 222 4388 ί)
242 4325 279 4375 Cf.
295 4327 323 4388 ἐξ
339 4326 372 4380 15
384 4333 411 4378 et
423 4327 464 4382 16.

204 4410 224 4477 ³)
243 4412 281 4462 Of.
293 4415 350 4466 Pol.
362 4417 394 4480 V,
407 4415 432 4469 3.
452 4413 541 4470 letto
553 4414 664 4470 29-35.

201 4503 222 4564 ⁴)
242 4500 280 4550 Of.
293 4501 377 4564 Plato,
396 4504 477 4569 [regg.
491 4503 563 4568 VIII,
577 4501 641 4566 7973
660 4503 692 4554 de
704 4519 757 4571 rep.
771 4504 816 4568 IV,
829 4503 897 4569 4243
916 4505 964 4570 ΙΙΙ,
976 4505 1036 4562 401.

1064 4595 1084 4658 6
