3154 5252
695 1815 807 1868 „ltildung
819 1815 858 1857 dor
870 1813 986 1856 Morrscben
1000 1825 1038 1858 zur
1050 1813 1169 1866 Wulrrbelt,
1181 1815 1210 1858 du
1223 1815 1264 1857 bist

661 1883 754 1940 ltilduug
771 1887 829 1928 ilrres
847 1885 937 1926 Weseus
955 1885 999 1926 und
1018 1886 1077 1928 ihrer
1095 1885 1164 1928 Natur
1182 1898 1208 1927 zu
1227 1885 1264 1928 be-

660 1956 793 2010 ruhigcnder
804 1956 933 1999 Welsheit.“

696 2043 879 2096 (Pestalczzi,
892 2043 994 2085 lbendst.
1008 2042 1068 2084 eines
1080 2041 1229 2098 Elnsiedlers.)

167 2247 169 2252 “
191 2195 239 2300 Si
261 2255 374 2298 verum
398 2232 555 2320 estquod
583 2233 694 2299 dicunt
714 2243 854 2299 mentem
876 2233 1049 2298 humanam
1071 2253 1173 2319 usque
1195 2255 1267 2320 pro-

108 2337 198 2423 gredi
222 2336 263 2400 ad
286 2335 533 2420 perfectionem,
556 2335 788 2424 perfectionem
811 2343 919 2402 autem
940 2333 994 2398 vel
1017 2333 1265 2420 explicationem

109 2439 177 2503 eius
199 2438 288 2525 quod
310 2437 343 2502 in
366 2438 458 2502 nobis
486 2438 675 2503 naturaliter
700 2438 806 2502 inesse
835 2435 999 2519 videatur,
1031 2460 1096 2501 non
1123 2447 1189 2503 tam
1211 2459 1266 2500 na-

110 2553 198 2606 turae
221 2563 290 2606 esse
314 2539 514 2634 quam'artis'
533 2540 698 2606 cuiusdam
727 2563 810 2628 quae
839 2538 993 2626 expediat
1026 2549 1058 2604 et
1087 2541 1267 2605 conformet

109 2665 254 2719 caerae,
283 2645 419 2729 'quarum
446 2642 502 2708 illa
524 2641 649 2708 dederit
672 2642 801 2729 quidem
832 2640 997 2706 materiem
1024 2642 1159 2708 formam
1187 2663 1266 2706 vero

106 2743 326 2832 proposuerit:
351 2744 398 2809 nil
419 2766 478 2830 pro
503 2753 589 2808 certo
618 2745 775 2809 babemus
799 2743 984 2828 angustiore
1007 2766 1133 2810 conexu
1156 2744 1269 2809 artius-

106 2869 172 2935 que
194 2847 259 2911 ullo
282 2857 427 2933 tempore
450 2846 655 2912 coniunctum
684 2869 754 2911 esse
785 2854 881 2934 atque
905 2855 1090 2912 contextum
1113 2870 1186 2912 curn
1208 2847 1269 2911 sin·

107 2951 258 3036 gulorum
280 2959 312 3014 et
332 2948 474 3014 omnium
491 2949 557 3012 vita
574 2948 782 3036 moribusque
805 2970 902 3035 quam
925 2947 1149 3014 educationem
1171 2957 1268 3036 atque

108 3075 237 3139 semper
258 3053 329 3116 illas
352 3050 503 3137 cognosci
525 3071 620 3138 posse
644 3073 686 3116 ex
707 3053 832 3116 ratione
854 3075 918 3138 qua
933 3053 1012 3118 hacc
1028 3053 1070 3118 sit
1085 3051 1274 3116 constituta.¹
1310 3089 1312 3093 ,

110 3153 268 3233 Quamvis
290 3153 392 3240 igitur
413 3161 508 3217 aucta
530 3153 594 3217 sint
615 3163 712 3241 atque
735 3153 826 3218 annis
848 3155 1053 3220 volventibus
1076 3153 1209 3240 dilatata
1231 3173 1270 3216 ea

112 3279 196 3342 quae
228 3256 406 3322 eruditione
439 3257 629 3342 culturaque
663 3256 804 3321 humana
833 3256 1162 3344 comprehenduntur:
1196 3262 1270 3316 sunt

111 3366 222 3423 tamen
247 3369 354 3424 certae
386 3357 561 3447 quaedam,
595 3366 631 3421 ut
657 3356 702 3422 ita
730 3359 852 3440 dicam,
882 3357 1059 3424 sententiae
1086 3353 1269 3444 primariae,

106 3459 215 3544 ideae,
240 3455 329 3549 quae'
343 3461 518 3528 scientibus
540 3460 633 3526 nobis
648 3461 700 3525 vel
715 3460 933 3527 nescientibus
948 3461 981 3524 in
995 3459 1045 3523 bis
1060 3457 1157 3523 rebus
1180 3478 1270 3543 prae-

105 3563 222 3628 valent
244 3574 290 3642 et,
314 3588 386 3629 oum
408 3564 472 3629 sint
493 3587 589 3630 verae
596 3613 604 3646 ,
627 3574 832 3652 permanent,
857 3563 917 3627 etsi
936 3569 1102 3625 mutantur
1123 3567 1270 3647 tempora

105 3667 338 3754 intereuntque
360 3667 506 3732 homines
527 3665 740 3752 nationesque
755 3665 840 3731 unde
862 3664 937 3729 illae
960 3662 1001 3728 ad
1023 3685 1083 3727 nos
1105 3672 1180 3726 sunt
1201 3662 1277 3750 per·¹
1309 3754 1312 3760 Ι
1386 3663 1390 3672 ’

104 3770 206 3834 latae.
241 3769 355 3834 Fuerit
372 3768 510 3855 denique
525 3768 666 3850 libertas,
690 3767 774 3832 unde
792 3765 892 3831 eluxit
906 3775 1051 3830 veterum
1069 3764 1270 3831 Graecorum

104 3870 231 3958 ingenii
247 3868 454 3951 abundantia,
478 3868 726 3956 vel'puleritudo
745 3868 798 3932 vel
814 3876 961 3954 utraque,
985 3867 1086 3964 altera
1107 3878 1217 3934 mente
1238 3867 1271 3933 id

106 3975 250 4060 gignens
273 3980 305 4036 et
326 3993 501 4057 procreans
522 3971 614 4036 cuius
630 3971 731 4036 altera
745 3969 887 4056 speciem
902 3979 977 4035 ante
992 3970 1102 4035 oculus
1118 3969 1272 4057 posuerit,

106 4085 249 4162 utraque
271 4095 347 4138 vero
371 4082 458 4138 certo
483 4073 622 4159 quodam
645 4063 803 4138 concentu
823 4071 931 4136 divina
951 4083 1048 4159 atque
1064 4073 1203 4138 humana
1225 4095 1271 4137 co

104 4177 245 4264 pulans:
268 4167 415 4242 v‘eterum
436 4174 564 4240 illorum
587 4185 620 4239 et
642 4174 781 4239 artifices
797 4183 830 4239 et
843 4185 1073 4262 praeceptores
1088 4175 1187 4240 fuisse
1202 4197 1274 4240 con·

104 4279 290 4361 tendimus,
322 4279 391 4365 qui,
419 4299 502 4365 quae
524 4276 651 4342 florenti
679 4275 822 4342 eiusdem
843 4277 949 4364 gentis
973 4287 1079 4343 aetate
1099 4278 1133 4368 in
1157 4277 1272 4342 animis

103 4381 283 4468 vigebant,
318 4381 503 4468 aperuerint
534 4375 572 4445 aa
604 4378 775 4444 manifesta
804 4381 955 4463 iecerint,
990 4379 1082 4446 alteri
1115 4381 1208 4446 dictis
1242 4387 1274 4444 et

103 4482 253 4572 scriptis,
278 4479 370 4549 alteri
393 4482 569 4549 simulacris
592 4490 689 4570 atque
713 4482 916 4549 carminibus.
951 4483 1004 4548 Ex
1018 4483 1080 4549 hoc
1095 4483 1168 4549 olim
1184 4483 1272 4548 fonte

1056 4587 1072 4650 1
