3156 5246
603 431 814 496 *87*

130 612 199 664 tum
229 611 364 686 utraque
394 603 583 687 praesertim
608 601 650 666 sd
679 603 877 666 honestatem
907 613 1053 687 spectare
1087 601 1285 684 (testeam

131 703 217 784 o313
241 701 437 784 satanan:
466 702 540 766 illae
562 725 639 766 vero
663 727 734 768 cum
759 703 822 768 sint
844 702 952 782 utiles,
983 715 1048 768 tum
1073 704 1113 768 ad
1136 699 1286 768 liberales

131 805 226 870 stiam
238 814 323 868 artes
335 806 517 870 referuntur
532 805 592 887 (ib.
611 806 787 888 1337t263
807 805 914 870 tanao
929 806 967 870 15
983 829 1047 892 sq.;
1064 806 1136 870 o39
1153 806 1229 891 sq).
1243 839 1284 852 --·

131 907 298 972 Platonem
321 909 392 993 quis
416 907 517 971 nescit
546 907 669 972 duabus
699 905 898 995 potissimum
921 908 1042 980 artibus
1065 907 1286 972 educationem

132 1009 287 1074 contineri
309 1020 454 1095 putasse,
484 1011 606 1076 musica
632 1020 664 1074 et
685 1009 887 1096 gymnastico
895 1057 903 1089 ,
933 1009 1074 1078 musicae
1096 1008 1224 1074 nomine
1246 1009 1287 1072 la-

130 1110 207 1190 tius,
231 1122 266 1175 ut
287 1111 427 1191 videtur,
451 1111 627 1197 patente¹).
649 1149 684 1160 -
704 1112 749 1176 At
771 1110 944 1198 quaesierit
967 1113 1037 1198 quis
1060 1111 1152 1176 huius
1175 1111 1286 1176 Nostri

131 1211 347 1298 dispositionis
369 1207 599 1280 accuratiorem
631 1224 663 1280 et
687 1214 825 1279 maxime
852 1213 892 1276 ad
921 1223 1057 1278 aetatem
1088 1235 1151 1298 qua
1173 1235 1287 1278 conve·

130 1314 199 1380 nist
221 1314 496 1402 explanationem:
530 1317 635 1402 quoad
662 1315 793 1402 quidem
823 1315 953 1380 huiusce
983 1315 1067 1380 modi
1096 1314 1285 1395 distributio,

130 1417 318 1502 praesertim
342 1441 413 1484 cum
438 1418 571 1482 virtutes
601 1428 632 1482 et
654 1419 802 1484 scientius
827 1418 888 1483 buc
909 1417 1080 1499 addamus,
1107 1417 1192 1483 hand
1210 1440 1285 1502 ,pro-

128 1517 184 1584 cul
212 1519 323 1583 abesse
350 1518 508 1584 videatur.
560 1519 600 1586 Id
622 1521 706 1606 quod
731 1520 837 1582 nescio
861 1544 900 1584 an
923 1521 1027 1584 miuus
1056 1531 1161 1584 tamen
1190 1541 1284 1605 quae·

132 1619 267 1684 rendum
289 1622 339 1685 sit.
384 1620 511 1708 Singuli
533 1623 687 1708 cuiusque
710 1621 845 1686 hominis
874 1621 1029 1702 indolem,
1057 1634 1210 1704 aetatem,
1240 1623 1284 1686 f-

134 1721 284 1788 cnltatem
306 1745 399 1788 nemo
420 1725 488 1789 fere
511 1725 629 1790 Nostro
654 1724 756 1806 magis
778 1746 843 1787 non
871 1722 1022 1788 omiserit.
1068 1724 1152 1790 Satis
1177 1735 1284 1790 autern

137 1847 156 1886 a
177 1824 338 1910 principiis
362 1837 496 1908 constat,
519 1839 649 1912 praeter
671 1847 798 1890 omnem
821 1849 916 1913 quam
940 1826 1124 1910 praebuerit
1145 1827 1285 1912 singula·

133 1948 204 1990 runo
224 1950 330 1994 rerum
358 1939 542 1994 accuratam
571 1929 822 2006 distinctionem,
853 1928 933 1993 adeo
963 1928 1162 2015 potissimum
1189 1930 1285 1994 totius

130 2028 236 2112 operis
260 2050 342 2110 carra
365 2052 448 2116 quae
470 2032 558 2096 nullo
576 2031 669 2096 modo
688 2052 793 2115 neque
809 2030 912 2094 dirimi
927 2055 987 2097 nec
1003 2030 1136 2102 distrahi
1158 2033 1285 2110 debeat,

125 2128 379 2196 concinnitatem
402 2133 707 2218 consensionemque
730 2131 864 2217 requiri,
888 2144 922 2196 ut
944 2133 1141 2198 istiusmodi
1165 2133 1284 2218 aliquid

130 2231 173 2296 ab
195 2230 368 2296 Aristotele
389 2257 452 2298 non
475 2234 535 2298 nisi
556 2237 674 2298 frustra
697 2232 881 2296 desiderare
905 2233 1069 2300 videamur
1092 2237 1128 2317 (ξ
1144 2237 1191 2316 u).
1230 2238 1285 2300 At·

129 2355 195 2418 quc
218 2332 304 2398 aliud
327 2344 375 2398 est
397 2335 620 2415 consideratio,
647 2335 732 2398 aliud
756 2359 859 2398 rerum
884 2337 1098 2419 gerendarum
1120 2336 1284 2402 tractatio:

127 2456 215 2520 quaa
248 2439 471 2505 uttaetatibus
505 2436 673 2500 conveniat
702 2459 807 2523 neque
835 2450 899 2501 tarn
935 2440 1095 2504 actionum
1129 2440 1284 2506 varietate

126 2558 228 2621 quam
244 2560 418 2623 progressu
435 2537 571 2602 efficitur
587 2539 643 2619 (cf.
662 2540 679 2600 l.
696 2539 716 2600 l.
734 2539 793 2619 IV,
814 2543 851 2605 13
867 2551 948 2604 extra
966 2543 1036 2604 coll.
1054 2542 1094 2622 V,
1111 2543 1131 2606 4
1147 2566 1171 2608 s.
1186 2543 1284 2622 3)-

129 2636 196 2706 Sed
220 2639 300 2704 liaeo
320 2641 485 2706 hacteuus.
504 2677 539 2686 -
558 2640 706 2724 Denique
730 2641 944 2723 humanitatis,
968 2657 1002 2706 ut
1017 2645 1062 2708 ita
1085 2644 1199 2722 dicam,
1223 2643 1286 2706 oul-

127 2761 201 2806 men
224 2741 414 2827 sapientiam
437 2743 550 2823 habes,
575 2765 710 2828 quacum
735 2767 798 2806 urta
822 2743 912 2826 (Eth.
929 2744 1001 2808 Nic.
1019 2746 1076 2826 Vl,
1104 2748 1148 2810 13.
1175 2745 1282 2810 1144a

129 2843 232 2929 itaq:
254 2843 355 2927 μέρος
377 2845 439 2929 γάρ
463 2838 547 2910 orico
568 2847 626 2931 τῆς
649 2840 727 2928 ὅλης
749 2839 867 2930 ἀρετῆς
882 2849 928 2932 τῷ
951 2843 1092 2928 &leodos
1114 2850 1208 2914 ποιεῖ
1227 2844 1284 2914 καὶ

129 2947 177 3034 uqi
197 2945 337 3031 ἐνεργεῖν
355 2941 558 3029 εὐδαίμονα)
580 2969 735 3012 summanr
764 2947 1043 3032 beatitudiucm²).
1071 2991 1107 3000 -
1134 2951 1193 3014 His
1215 2951 1283 3016 fere

124 3047 326 3140 lineamentis
355 3053 480 3136 singula
503 3071 585 3136 quae
614 3051 825 3134 insequuntur
848 3051 910 3114 iam
936 3075 1139 3140 unusquam
1163 3053 1281 3118 brevis·
1334 3113 1335 3126 ,

125 3149 208 3216 sime
228 3152 446 3239 expediamus.

214 3359 266 3420 44.
297 3357 402 3422 Animi
427 3381 535 3422 curam
559 3379 636 3420 cura
656 3358 798 3443 corporis
821 3356 917 3430 debet
938 3359 1145 3438 antecedere,
1169 3357 1282 3424 doctri-

80 3461 96 3490 *
128 3483 203 3524 nam
226 3459 412 3522 exercitatio
439 3459 525 3540 (Pol.
547 3458 588 3536 V,
612 3459 642 3522 3.
667 3457 809 3522 1338o4
829 3463 903 3544 sq).
950 3459 1073 3536 Quodsi
1095 3458 1194 3546 igitur
1217 3482 1283 3524 cor-

126 3561 217 3648 poris
239 3559 334 3624 saluti
358 3559 573 3632 membrorum
595 3559 727 3644 agitatio
752 3569 783 3622 et
803 3571 908 3624 motus
921 3562 1081 3650 ¹prodesse
1103 3561 1281 3648 puerilique

126 3672 263 3728 naturae
284 3660 377 3729 ludus
401 3673 432 3726 et
455 3662 603 3727 alacritas
627 3661 816 3728 videbantur
838 3664 1059 3746 convenire³):
1084 3664 1280 3731 educationis

127 3776 178 3832 cst
199 3765 272 3830 hino
294 3765 370 3830 satis
390 3775 513 3830 mature
536 3760 586 3844 (ἐκ
599 3766 725 3848 μικρῶν
742 3759 889 3845 παίδων)
913 3778 944 3832 et
958 3777 1036 3852 apta
1051 3789 1142 3832 usum
1166 3788 1280 3851 capere

129 3867 188 3950 (ib.
203 3867 265 3948 lV,
284 3867 334 3932 13.
360 3867 473 3930 leaeo
490 3866 556 3946 13),
580 3889 617 3933 ac
640 3868 811 3951 praecipue
835 3869 976 3955 corporis
998 3867 1280 3934 exercitationibus

127 3971 306 4048 futurorum
330 3967 444 4038 civium
471 3991 659 4053 prosperam
682 3967 895 4034 valetudinem
925 3969 1207 4056 fortitudinemque
1230 3968 1281 4034 ad·

125 4071 237 4138 iuvare
264 4067 366 4158 (πρὸς
391 4064 518 4154 ὑγιείαν
542 4072 598 4136 καὶ
620 4065 721 4158 ἀλκήν
744 4071 785 4135 ib.
804 4073 912 4138 laena
931 4073 968 4136 19
989 4075 1066 4158 sq).
1094 4109 1130 4119 -
1155 4071 1277 4137 Pueros

239 4325 300 4388 Rop.
314 4322 393 4376 otor.
412 4320 490 4374 403⁶.

238 4409 275 4462 Oi.
290 4412 302 4470 ξ
317 4410 357 4462 10.

240 4497 278 4548 cf.
292 4497 307 4558 ἓ
321 4496 360 4550 15.

202 4321 220 4385 ¹)

152 4400 161 4428 ⁴
200 4409 220 4474 ²)

201 4496 220 4561 ³)
