3156 5246
592 429 928 493 -t't-*'

199 601 251 666 36:
281 601 433 683 Virtutes
457 601 579 665 scilieet
601 601 748 683 murales,
770 597 877 664 doceri
901 613 1033 687 possunt
1056 603 1139 685 (Pol.
1156 603 1214 685 IV,
1233 603 1273 666 13

110 708 215 786 extr.)
227 705 267 786 ¹):
297 721 361 770 non
390 704 462 767 ideo
482 703 572 790 ‘quod
594 723 722 784 omnes,
754 712 789 766 ut
811 701 964 768 Socrates
985 703 1117 790 quidem
1139 701 1273 792 putavit,
1391 698 1393 704 ’

14 809 15 812 ’
111 807 203 894 ipsae
227 806 379 870 scientiae
402 817 475 870 sunt
504 800 707 892 (ἐπιστήμας
729 853 763 870 ..
789 793 876 868 εἶναι
900 799 1042 888 πάσας),
1070 807 1128 871 sed
1158 829 1196 872 eo
1218 829 1273 894 po-

108 911 175 975 tius
199 908 285 997 quod
309 933 348 972 ex
372 908 482 973 Nostri
505 908 679 988 sententia,
703 906 851 994 quamvis
874 908 938 970 sint
961 907 1161 974 exercendae
1184 905 1273 992 (καί-

110 1037 167 1078 τοι
191 1063 198 1076 .
218 1062 226 1077 .
249 1003 346 1086 bidei
367 1009 424 1075 καὶ
446 1006 509 1076 ὅσα
530 1009 589 1097 χρὴ
612 1007 671 1075 τὸν
698 1009 914 1090 σπουδαῖον),
945 1031 1009 1074 non
1040 1011 1108 1074 sine
1137 1012 1273 1078 scientia

110 1117 279 1195 exsistunt,
296 1114 364 1178 sine
381 1115 457 1194 eius,
477 1115 637 1193 nimirum,
663 1111 747 1198 quod
767 1120 817 1176 est
832 1107 961 1191 bonum,
987 1111 1133 1178 scientis:
1156 1109 1273 1202 οὐγὰρ

110 1212 215 1299 μόνον
236 1211 257 1305 ἡ
280 1213 364 1281 κατὰ
387 1213 444 1282 cdv
468 1208 575 1300 ὀρθὸν
598 1209 706 1301 λόγον,
731 1208 803 1279 ἀλλ’
820 1207 840 1299 ἡ
858 1211 941 1295 μετὰ
956 1215 1017 1279 τοῦ
1039 1207 1149 1301 ὀρθοῦ
1172 1212 1272 1303 λόγου

111 1319 181 1400 ἕξις
198 1315 297 1406 ἀρετή
314 1317 402 1386 ἐστιν
423 1315 514 1401 (Eth.
531 1317 572 1382 N.
589 1317 609 1380 l.
626 1317 648 1381 l.
665 1337 686 1380 u
704 1317 740 1380 18
757 1339 821 1403 sq.;
838 1318 856 1379 b
872 1316 908 1380 l'l
926 1339 989 1402 sq.;
1006 1315 1076 1381 otu
1092 1321 1168 1406 sq.)
1197 1321 1271 1386 Non

110 1421 196 1490 enim
210 1421 305 1488 modo
329 1422 503 1486 secundum
526 1429 646 1483 rectem
668 1418 827 1483 rationem
850 1417 1003 1484 aeduum
1026 1423 1271 1505 recuratione,

112 1565 152 1574 -
171 1527 289 1612 quippe
305 1526 355 1590 cui
371 1535 459 1589 recta
475 1523 537 1587 iarn
554 1521 630 1585 insit
647 1557 684 1566 -
704 1516 831 1584 babitus
849 1530 898 1584 est
916 1521 1016 1586 virtus
1027 1521 1064 1604 ¹).
1099 1521 1161 1588 Est
1176 1525 1271 1603 enim,

112 1638 151 1692 ut
167 1627 267 1692 virtus
289 1647 353 1691 non
376 1623 466 1712 gigni
482 1624 581 1712 possit
596 1622 657 1687 nisi
673 1622 796 1686 aceedit
811 1621 980 1709 prudentia
1001 1617 1077 1706 (οὐκ
1094 1616 1172 1690 dccv
1188 1645 1272 1714 φρο-
1297 1676 1301 1686 s

114 1725 269 1816 νήσεως),
296 1739 461 1817 tamquam
489 1725 586 1792 animi
613 1724 666 1788 ille
694 1725 805 1788 oculus
835 1727 909 1809 (τῆς
930 1727 1039 1814 ψυχῆς
1062 1718 1187 1812 ὄμμα),
1217 1729 1272 1816 qui

118 1832 221 1896 lucem
243 1831 282 1896 ab
304 1833 468 1898 intellectu
492 1829 600 1894 habet.
630 1863 668 1874 -—
700 1827 796 1891 Iuvat
818 1828 1042 1912 Aristotelem,
1072 1840 1107 1895 ut
1135 1830 1271 1912 videtur,

116 1935 176 1997 bac
197 1934 338 2020 imagine
360 1936 416 1999 uti.
431 1969 475 1980 --
492 1931 558 1998 Ubi
581 1930 693 2011 virtus,
718 1929 819 2014 qualis
843 1932 949 2016 pueris
970 1933 1022 1995 vel
1043 1933 1140 1998 etiam
1161 1933 1272 1996 bestiis

110 2057 131 2097 a
154 2045 271 2099 nutura
293 2034 464 2100 tribuenda
487 2034 543 2110 sit,
565 2027 803 2119 quodammodo
826 2031 942 2097 dicitur
964 2055 1034 2098 esse
1056 2035 1212 2099 naturalis
1233 2029 1270 2122 (ἦ

107 2135 241 2222 φυσικὴ
266 2131 364 2221 ἀρετὴ
388 2135 474 2222 πρὸς
495 2135 554 2225 τὴν
568 2131 684 2217 κυρίαν
706 2181 739 2197 ..
763 2125 923 2220 ὑπάρχειν
938 2130 1039 2217 φύσει
1054 2125 1157 2220 uwel:
1179 2139 1271 2220 haec,

105 2259 200 2324 quae
223 2238 264 2300 sit
285 2229 365 2302 ἄνευ
388 2234 580 2326 φρονήσεως
603 2230 719 2322 ἀρετή,
743 2236 812 2300 siue
834 2237 1005 2324 prudentia
1027 2239 1138 2321 virtus,
1163 2239 1271 2326 gravis

106 2340 167 2404 uel
190 2340 296 2426 potius
319 2341 441 2405 robusti
463 2342 606 2428 corporis
628 2349 763 2404 naturae
787 2333 935 2420 (σώματι
956 2335 1091 2428 ἰσχυρῷ)
1121 2363 1272 2429 conpara·

107 2453 177 2520 tur,
202 2441 287 2528 quod
308 2442 401 2529 quasi
423 2443 493 2508 visu
515 2464 628 2508 carens
651 2433 745 2525 (dccv
767 2433 895 2530 ὅψεως)
919 2465 983 2508 non
1005 2445 1108 2509 minus
1129 2444 1273 2530 graviter

109 2543 276 2608 offendere
300 2543 401 2630 possit
422 2545 517 2628 (ct-l.
533 2546 552 2609 l.
569 2545 720 2626 tssalt)
730 2544 766 2626 ³).
813 2543 907 2622 Quod
931 2565 1003 2610 cum
1026 2546 1072 2610 ite
1094 2546 1150 2628 sit,
1178 2545 1270 2633 pueri

112 2655 271 2732 oportere,
296 2646 384 2709 velut
406 2647 495 2710 caeci
518 2645 714 2725 ductoribus,
738 2645 962 2732 grandioribus
985 2657 1126 2736 natuque
1149 2649 1270 2714 maiori·
1340 2655 1341 2660 ’

110 2749 172 2810 bus
195 2769 229 2810 se
253 2745 415 2810 duceudos
433 2747 565 2832 dedant,
588 2749 626 2813 iis
649 2749 778 2835 quidem
801 2749 855 2835 qui
877 2758 908 2811 et
923 2751 1026 2834 magis
1051 2749 1174 2838 experti
1197 2747 1271 2814 suut

108 2860 159 2928 et,
190 2859 225 2912 ut
251 2848 314 2914 elio
342 2850 412 2914 loeo
443 2849 573 2934 dicitur,
602 2887 643 2898 -—
671 2849 730 2916 διὰ
760 2849 799 2917 τὸ
830 2847 914 2932 ἔχειν
943 2847 978 2918 ἐκ
1005 2854 1064 2939 τῆς
1096 2848 1271 2937 ἐμπειρίας

107 2943 207 3032 ὄμμα
232 2987 267 2997 -
293 2966 380 3018 recte
402 2954 601 3040 perspiciunt
626 2949 757 3042 (ὀρθῶς
788 2948 911 3040 ὁρῶσιν
937 2954 958 3018 l.
982 2956 1002 3020 l.
1024 2979 1050 3020 c.
1076 2957 1142 3037 12).
1188 2956 1269 3020 Inde

108 3053 209 3116 etiam
234 3054 377 3142 adparet,
401 3057 486 3142 quod
504 3051 744 3122 ‘animiuculo'
770 3057 913 3122 habitum
936 3055 1023 3120 illum
1051 3081 1116 3122 non
1143 3059 1270 3144 ingene

105 3155 177 3220 rari
201 3155 277 3220 dicit
301 3195 338 3203 —
364 3151 423 3222 οὐκ
446 3149 524 3224 ἄνευ
548 3152 667 3245 ἀρετῆς
690 3197 726 3206 κ
751 3157 820 3223 sine
843 3159 961 3224 virtute
984 3159 1042 3240 (ib.
1060 3159 1160 3240 ate).
1198 3159 1271 3225 Phi·
1342 3161 1346 3171 '

105 3259 280 3344 losoplrum
304 3270 448 3324 nostrum
471 3269 505 3324 ut
532 3273 620 3324 recte
648 3262 832 3346 intelleges,
863 3261 1014 3325 circulum
1038 3261 1091 3346 qui
1115 3259 1269 3324 exsistere

105 3359 242 3426 videtur
273 3362 419 3425 exsolvas
447 3383 579 3426 necesse
608 3372 664 3426 est.
726 3361 828 3444 Sane,
867 3363 986 3426 sufficit
1014 3361 1201 3426 exercitatio
1237 3371 1270 3426 et

105 3463 326 3544 consuetudo,
355 3462 408 3526 uhi
437 3463 538 3527 inscia
561 3476 675 3529 natura
702 3465 825 3550 relique
848 3471 1003 3546 praestat,
1036 3461 1090 3526 ubi
1113 3485 1132 3526 a
1153 3473 1270 3528 natura

107 3565 209 3632 ruodo
232 3565 311 3628 itum
337 3575 368 3626 et
390 3564 493 3627 visum
517 3568 637 3648 agitur:
665 3579 697 3630 at
719 3563 829 3630 ubiubi
852 3564 936 3628 haud
959 3563 1058 3628 inscio
1079 3565 1148 3651 ipso
1172 3559 1270 3651 λόγος

105 3667 226 3752 (ratic)
252 3665 390 3745 accedit,
420 3667 473 3730 ubi
503 3679 534 3730 et
558 3669 697 3754 cognitio
722 3681 752 3732 et
774 3666 874 3746 actio,
898 3675 929 3730 et
955 3667 1056 3731 virtus
1080 3678 1111 3731 et
1134 3667 1269 3733 scientia

106 3773 142 3835 in
169 3769 272 3856 pretio
296 3779 384 3848 sunt,
411 3769 481 3834 fieri
503 3791 565 3834 non
589 3781 708 3857 potest,
737 3781 772 3834 ut
795 3763 907 3832 ‘enimi
930 3761 1036 3833 oculo’
1068 3789 1105 3832 ea
1134 3769 1268 3838 facultas

103 3875 276 3961 gignatur,
302 3893 365 3956 qua
388 3871 469 3934 bene
492 3873 658 3937 videamus
681 3865 736 3956 (εὖ
758 3864 910 3958 ὁρῶμεν),
935 3873 991 3953 (cf.
1009 3872 1084 3935 lltb.
1101 3871 1142 3937 N.
1166 3873 1212 3955 Il,
1236 3871 1266 3939 5.

110 3973 228 4039 noea
244 3973 282 4036 17
300 3975 364 4059 sq.)
386 3973 447 4036 nisi
465 3973 686 4061 intellegentia
710 3986 741 4039 et
755 3997 834 4055 mos,
858 3971 1003 4038 doctrina
1024 3983 1055 4038 et
1069 3976 1266 4042 consuetudo

104 4076 199 4142 omni
222 4077 254 4138 in
278 4077 380 4160 gradu
409 4077 628 4162 perfectionis,
660 4088 755 4164 atque
783 4076 952 4164 prudentia
979 4077 1118 4142 inanime
1146 4088 1177 4142 et
1199 4079 1268 4144 reli·

102 4243 312 4257 ,....-—..-·--

188 4327 206 4390 ¹)
226 4327 264 4378 Cf.
278 4325 337 4378 Eth.
351 4329 381 4380 N.
394 4331 416 4393 1,
430 4330 456 4382 9.
474 4327 625 4392 1099t15;
645 4329 679 4393 ll,
694 4329 717 4382 1.
737 4327 825 4383 1103«
837 4327 880 4382 32.

185 4414 207 4480 ²)
227 4416 264 4466 Of.
277 4415 426 4468 Eustratius
446 4433 469 4469 a.
481 4413 501 4472 l.
513 4415 533 4470 l.

187 4500 206 4565 ³)
225 4503 264 4552 Cf.
280 4503 292 4563 ξ
307 4500 340 4554 12
353 4511 416 4554 extr.
437 4506 537 4570 (Horat.
553 4522 629 4556 curm.
643 4502 719 4566 1114,
732 4503 784 4570 65.)
