3156 5246
687 397 763 472 ,⁴—
809 359 870 429 108
916 395 952 406 -—

178 507 180 514 ,
262 531 398 614 veritati,
423 553 487 618 qus
509 553 548 598 eo
570 529 677 598 minus
697 553 810 598 servus
833 529 985 615 (δοῦλος)
1005 537 1062 610 est,
1086 549 1150 615 quo
1167 527 1279 594 melius
1300 528 1341 606 in
1357 529 1432 598 otio
1500 529 1502 536 ’

262 633 371 701 vivere
388 628 445 717 (ir
465 627 530 720 βίῳ
551 627 683 720 τελείῳ)
708 648 740 698 et
762 655 887 700 summu
909 632 1088 700 resiscere
1110 630 1276 716 voluptate
1298 633 1423 719 perfrui
1466 683 1468 688 .
1564 609 1565 638 i

260 745 377 823 potest.¹
421 738 454 804 Is
483 733 612 824 quidem
639 749 703 802 nen
730 735 833 802 nescit
860 733 953 800 bonis
984 732 1209 803 vcl=externis
1238 733 1290 799 vel
1323 735 1425 802 animi
1482 759 1500 784 v
1537 815 1538 820 ἵ

261 831 469 926 corporisque
492 848 622 926 propter
644 835 764 926 ingenii
788 837 905 904 cultum
928 845 1017 904 recte
1039 837 1061 902 i.
1077 859 1106 908 e.
1123 859 1195 902 oum
1218 837 1341 902 ratione
1363 837 1422 918 uti,

261 940 452 1008 valetudinis
475 939 688 1028 prosperitate
709 949 741 1006 et
762 938 887 1021 robore,
910 938 1059 1006 secundis
1073 939 1160 1008 vitae
1182 938 1423 1014 conservandae

261 1043 535 1131 exornsndeeque
564 1042 715 1123 fortunis,
734 1040 888 1106 'amicitis
916 1040 1054 1127 denique
1083 1051 1115 1112 et
1142 1062 1251 1108 amore
1280 1065 1353 1109 cum
1381 1065 1425 1108 ex

259 1143 398 1212 eliorum
420 1144 585 1215 hominurn
607 1154 676 1214 tum
700 1142 813 1210 exsui
839 1143 938 1230 ipsius
968 1143 1209 1235 consuetudine.
1233 1172 1273 1210 .·-
1299 1143 1425 1222 Quodsi

263 1246 453 1312 Aristoteles
478 1247 614 1314 similem
637 1268 706 1316 esse
720 1254 815 1333 putot
831 1245 928 1318 enimi
951 1246 1082 1314 humani
1097 1246 1202 1312 vitem·
1212 1245 1258 1310 rei
1274 1244 1423 1332 publicae

264 1347 345 1414 bene
368 1349 560 1415 constituae:
586 1347 702 1416 unitati
725 1370 809 1436 quse
831 1359 879 1414 est
901 1349 999 1416 enimi
1022 1369 1061 1414 es
1089 1347 1326 1437 respondebit‚.
1341 1369 1426 1433 quse

260 1449 294 1514 in
309 1450 372 1514 fine
387 1453 554 1538 proposito
569 1451 726 1532 consistit
741 1451 774 1516 in
790 1451 963 1518 humanam
980 1451 1138 1518 culturam
1154 1450 1207 1518 ubi
1222 1449 1425 1538 respicimus.

226 1585 229 1590 ·
261 1551 368 1618 Penes
389 1552 590 1626 intellectum
617 1555 669 1622 hic
697 1563 729 1618 et
757 1553 822 1620 illic
849 1557 1007 1618 summum
1029 1563 1078 1618 est
1099 1552 1280 1641 imperium.
1307 1552 1427 1618 Nimi-

148 1645 153 1655 ’
262 1679 333 1722 rum
355 1657 456 1722 virtus
479 1679 544 1723 uns
571 1666 620 1722 est
646 1678 761 1722 norme
790 1678 827 1720 sc
855 1655 983 1741 regule,
1016 1677 1080 1742 que
1107 1654 1242 1740 singulis
1269 1664 1366 1742 etque
1389 1657 1425 1722 in
1480 1687 1483 1692 ·
1524 1729 1527 1736 ,

200 1757 202 1762 ’
263 1758 426 1824 communi
448 1757 578 1850 civitate
601 1758 748 1826 omnibus
771 1757 889 1822 bonum
916 1756 987 1822 fieri
1016 1757 1113 1824 debet
1134 1757 1166 1824 id
1191 1757 1279 1845 quod
1303 1768 1353 1822 est
1373 1757 1427 1822 ab·
1450 1751 1471 1771 ²

262 1860 365 1925 solute
381 1857 510 1928 bonum.
546 1859 653 1940 Quem
670 1861 712 1928 ob
731 1883 860 1926 causum
877 1861 903 1924 si
920 1858 953 1924 in
972 1860 1118 1946 perfecte
1134 1883 1170 1926 re
1186 1860 1315 1947 publica
1336 1859 1425 1926 idem
1505 1893 1507 1898 ·

262 1962 349 2026 velet
376 1963 427 2026 vir
453 1963 574 2052 probus
602 1973 700 2051 etque
729 1963 808 2028 civis
836 1962 953 2044 bonus,
983 1963 1096 2028 civitas
1125 1995 1162 2008 --
1194 1961 1277 2028 sicut
1298 1961 1422 2028 familie

263 2063 355 2130 simili
379 2065 518 2152 quedem
541 2065 726 2148 ratione-
752 2075 883 2152 optumo
910 2063 1045 2152 adparet
1071 2085 1141 2128 esse
1169 2085 1223 2145 es,
1251 2085 1316 2152 que
1338 2066 1423 2132 cives

262 2165 384 2254 filiique
405 2167 580 2242 familiares
608 2190 644 2233 eo
671 2167 832 2236 beatiores
858 2167 954 2247 fiunt,
984 2177 1047 2254 quo
1074 2165 1176 2253 magis
1204 2167 1350 2258 homiues
1375 2168 1427 2232 vel

261 2269 464 2342 humaniores
485 2291 559 2338 esse
580 2263 863 2342 instituentes-⁴
888 2269 943 2336 Fit
963 2269 1068 2352 enim,
1097 2279 1133 2334 ut
1155 2293 1229 2338 cum
1250 2261 1427 2338 Aristotele
1459 2263 1461 2267 ’

261 2371 390 2459 loquar,
419 2396 484 2440 non
506 2382 715 2441 externorum
736 2372 895 2438 bonorum
923 2394 1023 2459 opere,
1041 2380 1078 2438 ut
1101 2381 1246 2440 crescere
1270 2381 1303 2454 et
1324 2383 1427 2442 metu·

262 2485 390 2552 resuere
417 2475 541 2563 possint
570 2497 608 2542 ee
634 2496 717 2561 quae
748 2484 908 2546 suasura
933 2474 1026 2542 nobis
1053 2473 1152 2552 insite,
1174 2484 1248 2542 sunt
1275 2475 1360 2542 bona
1386 2498 1425 2542 ac
1463 2469 1500 2558 ,⁸3

262 2576 384 2662 pulcre,
407 2600 468 2643 nec
490 2600 567 2643 casu
590 2576 735 2664 profecto
759 2587 814 2642 eut
835 2580 919 2643 forte
946 2577 1085 2658 fortune,
1109 2585 1145 2642 ut
1160 2575 1289 2644 honesti
1309 2579 1423 2646 simus:

262 2678 319 2743 sed
342 2677 454 2765 potius
472 2703 509 2746 eo
534 2679 620 2767 quod
634 2701 733 2766 penes
755 2701 814 2745 nos
831 2689 881 2744 est
895 2678 1037 2760 arbitrio,
1061 2678 1252 2763 exercendo,
1275 2679 1420 2759 volendo,

263 2780 478 2867 sciundoque:
501 2781 612 2869 itaque
636 2782 785 2870 quonism
810 2782 964 2847 scientiae
981 2789 1030 2846 est
1045 2780 1231 2867 liberaeque
1251 2780 1417 2846 voluntatis

263 2877 463 2970 (ἐπιστήμης
475 2882 789 2972 καὶπροαιρὲσεως)
806 2907 877 2950 esse
889 2881 1025 2971 probum
1038 2881 1093 2967 (cri
1110 2883 1295 2952 σπουδαῖον
1308 2873 1423 2968 εἶναι),

262 2985 400 3072 probum
422 2988 603 3054 achonum
625 2987 694 3054 fieri
717 3011 798 3074 opus
820 2997 869 3052 est
888 2985 1086 3054 educationis
1109 2981 1221 3076 (ἔργον
1236 2982 1425 3072 παιδείας),

263 3087 290 3153 si
305 3085 435 3185 quidem
451 3089 603 3176 supplere
618 3089 686 3158 vult
701 3091 804 3156 omnis
827 3111 879 3154 ers
902 3090 1069 3176 omnisque
1093 3089 1261 3179 discipline
1283 3091 1316 3158 id
1339 3090 1453 3179 quod,

262 3199 398 3258 naturae
420 3190 542 3260 deest.¹
