3154 5252
614 410 800 472 „7-

127 591 236 648 autem
258 581 408 646 universe
431 578 519 644 dieta
541 589 576 645 ut
598 580 779 648 accuratius
801 581 995 657 intueamur,
1025 589 1090 648 tres
1113 583 1207 650 huius
1230 607 1283 654 ex·

113 684 207 748 'ordii
228 692 338 772 partes
366 681 610 768 distinguendas
638 705 710 748 esse
736 683 832 750 facile
860 681 1008 770 adparet,
1036 677 1081 749 in*
1096 686 1212 772 quibus
1240 710 1282 754 ex

126 785 204 851 locis
231 786 294 852 huc
321 783 541 871 spectantibus
567 785 824 874 testimoniisque
852 784 969 850 adlatis
993 786 1074 852 haec
1100 788 1163 854 tria
1187 790 1282 856 nobis

124 888 308 954 Aristotelis
331 909 373 954 ex
396 886 503 952 animo
527 887 759 954 consideranda
781 910 850 954 esse
867 887 1040 954 existumo:
1061 882 1160 956 unum
1174 891 1280 979 ipsum

122 991 303 1074 hominem,
338 998 497 1077 quatenus
526 1013 568 1056 ex
593 1015 651 1058 sua
676 998 795 1058 natura
826 989 988 1056 subiectus
1015 992 1055 1056 sit
1083 993 1281 1082 educationi;

123 1093 263 1160 alterum
286 1091 534 1158 destinationem
557 1092 640 1176 eius,
667 1103 825 1180 quatenus
852 1092 925 1158 finis
946 1092 989 1158 sit
1010 1093 1192 1162 educationi
1211 1119 1282 1185 pro-

123 1196 264 1282 positus3
286 1192 419 1260 tertium
442 1193 588 1282 denique,
610 1217 673 1282 quo
696 1203 791 1282 pacto
812 1194 906 1260 homo
929 1195 1015 1260 hune
1028 1195 1124 1262 finem
1146 1198 1281 1287 adsequi
1394 1203 1398 1208 '

122 1299 236 1383 possit,
259 1307 424 1382 tamquam
444 1298 608 1382 regionem
630 1299 662 1363 in
676 1319 739 1385 qua
754 1297 857 1364 omnis
877 1295 1045 1382 disciplina
1060 1297 1281 1388 institutioque

125 1409 289 1466 versetur.

687 1591 715 1658 I.

212 1708 244 1772 2.
256 1701 375 1774 ‘Homo
388 1719 437 1776 est
447 1708 566 1776 animal
579 1704 704 1775 sociale’
722 1701 922 1796 (ἅνθρωπος
933 1710 1019 1800 ζῷον
1029 1705 1278 1798 walterada).—

129 1808 246 1874 Tribus
268 1810 316 1874 his
338 1811 462 1894 verbis,
485 1811 635 1877 universe
658 1811 789 1900 quidem
809 1812 866 1878 sed
887 1814 1030 1898 graviter
1053 1815 1145 1880 dictis
1167 1824 1199 1880 et
1220 1835 1279 1902 per

122 1920 224 1976 totam
247 1935 330 1998 quae
350 1914 495 2001 sequitur
517 1913 765 2000 explicationem
779 1915 844 1980 lete
859 1916 1041 2002 patentibus
1055 1925 1201 1982 naturam
1223 1917 1279 1982 hu-

118 2035 250 2080 manam
270 2015 371 2080 habes
394 2015 559 2081 definitam
582 2017 667 2098 (Pol.
683 2017 713 2100 I,
728 2019 758 2082 2.
783 2017 867 2084 1253
879 2039 899 2084 o
913 2019 950 2100 2)
962 2019 997 2101 ¹).
1029 2018 1203 2085 Hominem
1226 2018 1278 2083 do-

117 2124 173 2180 cet
192 2125 307 2182 natura
329 2139 399 2184 esse
421 2117 538 2184 animal
559 2117 676 2184 civium
697 2118 843 2184 societati
869 2129 997 2186 natum:
1023 2143 1099 2186 nam
1123 2130 1218 2186 extra
1237 2120 1277 2184 oi-

116 2218 227 2284 vitatis
251 2219 509 2286 communionem
526 2221 638 2286 vivere
651 2243 717 2286 uon
731 2221 794 2286 nisi
809 2229 867 2286 aut
883 2223 986 2286 feram
1000 2245 1095 2309 posse
1110 2231 1166 2288 aut
1181 2221 1276 2288 deum

121 2313 159 2406 (ἢ
179 2317 302 2408 θηρίον
322 2315 345 2408 ἢ
367 2316 451 2402 θεός
472 2323 515 2388 11).
532 2345 552 2390 o
567 2323 610 2390 25
625 2323 766 2411 sqq.)²);
792 2323 848 2390 illa
876 2345 948 2388 cum
976 2322 1018 2387 ad
1046 2347 1117 2390 eam
1138 2347 1204 2389 non
1226 2347 1277 2390 ac-

120 2425 333 2507 commodata,
356 2427 408 2490 hic
430 2425 506 2512 quia
529 2449 626 2513 supra
641 2447 712 2491 eam
729 2427 770 2492 sit
786 2427 902 2509 elatus3
925 2425 1087 2492 hominem
1103 2448 1190 2507 vero,
1213 2425 1274 2490 alio
1361 2485 1368 2493 .

119 2525 191 2590 loco
214 2527 399 2616 accipimus,
423 2527 586 2593 hominum
608 2529 838 2596 consuetudine
853 2529 1007 2617 indigere,
1030 2540 1066 2596 ut
1087 2529 1181 2594 homo
1204 2549 1275 2594 esse

117 2628 219 2716 possit
235 2629 337 2718 (πρὸς
350 2629 389 2698 τὸ
405 2625 696 2718 ἀνθρωπεύεσθαι
710 2632 750 2697 cf.
766 2632 842 2698 Eth.
858 2631 900 2700 N.
917 2633 961 2715 X,
977 2636 1006 2698 8.
1025 2633 1161 2698 1178t9
1177 2633 1274 2719 sqq).

115 2731 203 2798 Rern
226 2730 313 2799 dicas
335 2733 533 2800 notissimam
556 2756 636 2800 esse.
671 2732 744 2813 Quo
767 2743 873 2800 autem
896 2733 1000 2800 minus
1022 2743 1071 2800 est
1092 2735 1213 2820 ignota,
1235 2755 1274 2800 eo

114 2833 205 2900 haud
225 2833 293 2900 scio
314 2859 356 2901 an
376 2836 554 2922 magishuc
568 2835 695 2902 adferre
713 2836 809 2902 liceat
824 2858 906 2918 eam,
930 2859 993 2923 qua
1008 2847 1171 2925 tamquam
1188 2859 1275 2902 acer-

115 2935 201 3002 rima
228 2937 471 3004 adumbratione
493 2940 617 3028 species
644 2939 784 3006 humana
810 2948 886 3004 ante
912 2940 1022 3006 oculos
1044 2950 1191 3027 ponatur.
1233 2939 1274 3004 In

117 3061 183 3124 quo
211 3038 290 3104 illud
323 3040 452 3128 quidem
480 3062 522 3106 ex
546 3042 657 3108 Nostri
670 3040 844 3107 ’sententia
875 3043 1005 3130 proprie
1032 3045 1153 3126 elucet,
1187 3042 1273 3130 quod

121 3140 260 3210 alienum
281 3163 351 3208 esse
374 3143 413 3208 ab
437 3143 567 3210 homine
587 3141 716 3210 videtur
742 3167 807 3210 non
834 3145 938 3211 solum
965 3144 1065 3212 vitam
1087 3145 1208 3232 degere
1227 3145 1274 3209 in·

122 3241 238 3308 cultam
259 3254 458 3332 naturaeque
481 3246 697 3312 adversariam
724 3233 792 3312 sine
817 3246 882 3313 ullo
905 3271 964 3314 usu
986 3248 1116 3335 ullaque
1138 3244 1273 3312 necessi-

120 3353 190 3410 tate
215 3347 305 3428 (Bru.
325 3347 368 3413 N.
390 3348 473 3438 VII,
494 3348 529 3430 l)
563 3360 620 3414 aut
643 3348 752 3414 servili
779 3349 878 3415 animi
904 3349 1038 3437 impetui
1066 3347 1272 3434 corporisque

117 3448 335 3536 voluptatibus
363 3448 542 3515 lubidinose
573 3449 730 3532 deditam,
757 3487 801 3500 -·
827 3475 891 3541 quo
920 3462 952 3517 et
974 3450 1188 3536 Cynicorum,
1216 3446 1271 3535 qui

114 3550 277 3634 dicuntur,
300 3560 332 3617 et
348 3549 599 3638 Cyrenaicorum
622 3551 789 3643 disciplina
804 3555 918 3620 deduci
932 3552 1089 3634 videmur,
1101 3585 1143 3598 —-
1158 3571 1272 3615 verum

114 3654 213 3720 etiarn
238 3693 276 3704 -
298 3653 438 3720 alienum
466 3676 535 3720 esse
563 3654 604 3720 ab
629 3655 758 3722 homine
785 3680 858 3722 cum
878 3655 1050 3722 Aristotele
1072 3653 1142 3718 dico
1164 3687 1206 3700 -
1228 3650 1272 3716 vi-

112 3755 213 3824 vendi
235 3758 394 3822 rationem
415 3754 580 3844 adspirare
608 3757 692 3823 ultra
717 3759 880 3846 fastigium
908 3759 1083 3824 humanum
1111 3763 1272 3838 transgre-

112 3858 268 3940 dientem,
292 3882 356 3945 qua
378 3881 451 3924 cum
463 3859 557 3926 nobis
572 3858 675 3924 solum
691 3862 843 3944 contenti,
866 3863 907 3926 ab
930 3859 1017 3927 omni
1040 3855 1271 3925 consuetudine

113 3962 230 4028 secreti
253 3969 352 4049 atque
373 3961 407 4027 in
430 3959 637 4028 meditatione
659 3972 784 4030 tantum
805 3965 859 4030 vel
881 3959 1152 4051 contemplatione
1169 3953 1271 4024 ‘asca

112 4058 186 4130 tiea’
210 4085 391 4146 versemur,
413 4087 433 4128 a
452 4086 620 4131 munerum
642 4065 873 4151 functionibus,
894 4066 964 4132 fieri
986 4067 1097 4154 possit,
1119 4064 1270 4152 negotiis-

110 4189 178 4256 que
201 4189 221 4232 a
242 4175 359 4232 natura
379 4165 472 4232 nobis
497 4167 672 4250 attributis,
698 4171 779 4237 falso
803 4170 858 4258 qui
881 4169 1004 4236 dieitur
1023 4169 1205 4252 idealismo,
1234 4177 1269 4234 ut

189 4399 844 4467 mmmmmffiwmm

188 4485 746 4552 ummumwmmmm
