3154 5252
601 447 809 512 ...25-

123 604 238 712 partim
262 616 376 684 adlatis
399 617 636 704 metaphysices
657 619 737 686 locis
767 618 824 685 sod
847 619 942 686 etiam
966 623 1133 708 praeclara
1154 621 1209 688 illa
1231 647 1282 688 ex·

124 723 279 814 positione
307 721 457 810 physices
492 721 560 803 (ΙΙ,
585 725 612 786 1.
643 723 785 788 192520
810 746 898 810 sqq.;
931 725 1220 809 oea—193o21)
1251 736 1282 792 et

124 828 262 892 maxime
286 823 390 912 primo
415 821 501 910 quod
530 823 570 886 de
592 825 736 910 partibus
766 825 954 892 animalium
985 829 1138 916 scriptum
1162 842 1209 894 est
1233 851 1282 896 ca-

123 929 223 1018 pitulo
248 928 355 1008 (eata
373 925 513 1009 17-325
534 927 654 992 642a1
678 930 744 1014 sq.)
768 928 1005 1016 conprobatur]
1044 935 1091 998 At
1106 933 1176 999 aliis
1192 934 1282 998 omis-

121 1033 175 1115 sis,
200 1030 277 1119 quid
301 1051 342 1094 ex
364 1028 414 1092 his
438 1027 532 1092 rebus
554 1029 594 1094 ad
617 1030 839 1096 educationem
856 1032 1024 1114 referatur,
1050 1034 1282 1122 exquirendum

121 1147 180 1200 est.
221 1131 437 1218 Consequitur
460 1130 542 1197 enim
565 1131 598 1198 id
622 1132 708 1220 quod
725 1133 853 1199 omnino
875 1134 914 1198 ab
931 1135 1106 1201 Aristotele
1129 1137 1282 1224 postulari

120 1237 267 1317 videtur,
295 1244 332 1298 ut
358 1233 391 1298 in
411 1234 601 1300 *hominibus
629 1235 803 1326 educandis
832 1246 946 1303 natura
974 1250 1121 1304 naturam
1145 1261 1283 1326 sequens

121 1341 313 1426 magistram
338 1332 468 1425 (φύσει)
491 1338 676 1424 expleatur:
699 1339 759 1403 hoc
777 1349 834 1422 est,
857 1362 899 1405 ne
919 1341 1090 1429 quicquam
1107 1341 1172 1423 fiat,
1198 1340 1284 1430 quod

121 1441 330 1510 facultatibus
353 1462 434 1527 quae
456 1449 585 1527 praesto
608 1451 683 1506 sunt
704 1442 808 1507 minus
832 1454 942 1530 aptum
958 1454 990 1509 ct
1005 1443 1283 1530 progredientibus

123 1544 352 1633 impedimento
368 1543 415 1624 sit,
440 1553 471 1607 et
495 1551 670 1608 contrane
693 1544 864 1633 quicquam
889 1546 1054 1613 deseratur
1076 1547 1127 1610 vel
1151 1543 1284 1610 derelin-

127 1657 258 1735 quatur,
286 1668 345 1733 quo
374 1644 493 1710 viribus
522 1646 713 1712 adiuvandis
742 1658 858 1713 natura
885 1672 1012 1738 semper
1035 1649 1120 1737 quod
1144 1649 1210 1714 eius
1234 1657 1283 1712 est

128 1750 268 1816 muneris
289 1748 436 1836 perfungi
450 1749 551 1836 possit
574 1750 658 1832 (Pol.
677 1749 736 1833 IV,
754 1751 818 1833 11).
853 1752 1036 1841 Utrumque
1052 1752 1095 1843 ab¹
1108 1751 1282 1818 Aristotele

127 1853 254 1918 omnino
276 1851 430 1938 postulari
454 1851 604 1938 adparet,
640 1855 786 1940 quamvis
818 1856 920 1943 (quod
948 1855 1010 1921 dici
1039 1855 1094 1920 vix
1116 1876 1195 1942 opus
1220 1855 1282 1935 est)

120 1959 152 2021 in
189 1954 264 2040 ipsis
300 1953 478 2020 actionibus
513 1954 646 2020 altorum
675 1955 714 2021 ah
743 1956 843 2024 altero
874 1957 1019 2024 distineri
1051 1966 1192 2046 nequeat
1225 1957 1281 2038 (cf.

118 2059 195 2125 Eth.
217 2059 258 2124 N.
278 2057 304 2140 I,
325 2059 371 2140 l).
418 2057 547 2124 Deinde
578 2081 620 2122 ex
650 2059 799 2126 omnihus
829 2083 913 2148 quae
940 2061 1046 2128 adhuc
1075 2061 1182 2126 adlata
1210 2071 1284 2124 sunt

117 2162 263 2248 itemque
292 2185 366 2226 cum
394 2184 436 2226 ex
464 2161 533 2226 aliis
559 2170 627 2227 tum
655 2185 696 2228 cx
728 2184 766 2227 eo
795 2185 890 2250 quem
920 2185 1017 2250 supra
1050 2163 1178 2229 laudavi
1211 2163 1283 2227 loco

122 2264 206 2346 (Pol.
229 2265 295 2345 IV,
319 2265 374 2346 13)
397 2263 429 2328 in
452 2262 651 2349 primianum
678 2274 744 2330 tam
771 2265 813 2330 de
834 2265 873 2332 iis
895 2267 992 2333 rebus
1014 2267 1067 2333 hic
1090 2268 1142 2354 agi
1164 2264 1284 2354 perspi-

124 2391 217 2434 cuum
238 2377 296 2450 est,
320 2389 403 2454 quae
416 2367 455 2432 ad
468 2376 609 2433 mentem
622 2367 795 2434 humanam
818 2368 1115 2455 intellegentiamve
1138 2368 1283 2436 excolen-

122 2471 196 2537 dam
219 2469 274 2558 (τὸ
297 2466 422 2557 ποιεῖν)
446 2469 643 2557 pertineant,
673 2495 768 2559 quam
792 2471 832 2538 de
854 2472 892 2538 iis
914 2473 1088 2561 praecipue
1112 2489 1197 2561 quae
1218 2493 1283 2536 cor·

123 2575 207 2660 poris
222 2574 287 2640 sint
302 2583 334 2640 ct
349 2593 499 2638 sensuum
523 2584 555 2639 et
577 2574 723 2661 potiundi
746 2575 991 2665 accipiendique
1013 2576 1202 2644 facultatum
1229 2570 1283 2655 (ad

122 2672 277 2760 πάσχειν,
311 2679 513 2760 κινεῖσθαι),
541 2676 583 2741 de
609 2677 716 2744 anima
742 2678 842 2765 igitur
869 2678 1091 2745 tantummodo
1126 2689 1283 2767 quatenus

121 2803 164 2846 ex
186 2781 345 2847 sententia
367 2779 478 2847 Nostri
510 2803 581 2846 cum
605 2803 754 2868 corpore,
782 2805 840 2847 sua
870 2781 1001 2870 (ipsius)
1031 2785 1164 2849 materia
1187 2791 1218 2848 et
1240 2782 1284 2847 iu·
1406 2791 1411 2800 “

119 2894 299 2950 strumento
314 2884 472 2950 artissime
487 2884 658 2970 conjuncta
673 2885 714 2949 sit
726 2884 814 2966 (Pol.
829 2883 888 2966 IV,
903 2883 952 2950 15.
971 2885 1078 2952 13345
1096 2887 1135 2951 15
1150 2886 1236 2975 sqq.)
1258 2889 1283 2970 ).

120 2989 229 3052 Docet
252 2987 337 3053 enim
360 2986 549 3052 Aristotcles
573 2987 688 3074 (Phys.
705 2987 750 3070 ΙΙ,
765 2988 796 3052 8.
819 2987 910 3052 toea
928 2989 998 3070 14);
1028 2989 1061 3054 in
1085 2988 1220 3054 materia
1241 2989 1284 3053 in·

124 3111 194 3154 esse
216 3091 435 3156 necessarium
459 3087 510 3172 (ἐν
531 3087 593 3177 γὰρ
615 3092 657 3180 τῇ
678 3086 742 3180 ὕλῃ
764 3089 804 3158 cd
826 3084 1036 3177 ἀναγκαῖον),
1065 3101 1220 3180 quantum
1243 3089 1284 3158 ad

125 3190 322 3279 propositum
346 3191 587 3282 adsequendum
612 3191 665 3277 (cd
689 3189 717 3260 δ’
742 3181 784 3260 οὗ
804 3191 900 3260 ἕνεκα
921 3193 955 3263 ἐν
977 3198 1024 3283 aqi
1046 3190 1151 3283 λόγῳ)
1178 3215 1285 3258 neces·

128 3299 245 3362 sarium
268 3295 389 3383 aliquid
412 3319 482 3362 csse
505 3307 631 3362 constet
652 3296 706 3381 (τὸ
728 3295 765 3377 ἓξ
785 3291 1052 3382 inefficacem
1078 3308 1109 3362 et
1132 3299 1164 3362 in
1188 3297 1285 3362 omni·

127 3397 188 3462 bus
209 3399 313 3478 rebus,
339 3421 421 3486 quac
444 3400 484 3464 ab
507 3399 638 3466 ineunte
661 3411 765 3468 aetate
779 3401 818 3466 ad
834 3413 935 3468 totum
959 3402 1117 3467 homiuem
1142 3398 1285 3465 erudien-

123 3501 200 3567 dum
224 3513 476 3591 consuetumque
498 3503 684 3569 faciundum
705 3507 908 3570 necessariae
930 3505 1114 3582 videantur,
1142 3502 1285 3590 corporis

122 3626 201 3669 cura
230 3628 340 3672 curam
363 3606 460 3672 animi
484 3606 651 3672 antecedat
678 3617 825 3695 oportere
854 3608 939 3690 (Pol.
955 3607 976 3671 l.
992 3607 1013 3672 l.
1028 3609 1047 3670 h
1063 3607 1105 3672 25
1120 3608 1195 3694 sq),
1224 3605 1285 3667 for·

122 3731 210 3774 mam
233 3708 315 3774 euim
340 3731 449 3774 carere
471 3732 539 3775 nou¹
559 3731 655 3796 posse
676 3709 857 3791 materic³).
876 3747 913 3756 -
934 3709 1087 3775 Materies
1103 3714 1210 3774 autem
1233 3707 1285 3771 vel

123 3810 321 3877 substratum
344 3811 431 3895 illud,
458 3812 544 3878 unde
568 3835 625 3878 eae
647 3835 729 3900 quae
752 3833 828 3876 vere
850 3821 882 3876 et
904 3812 1034 3900 proprie
1056 3821 1130 3876 sunt
1151 3810 1286 3876 virtutes

123 3925 336 3998 enascuntur,
363 3915 529 3980 Aristoteli
551 3916 719 3981 facultates
743 3909 932 3998 (δυνάμεις)
956 3916 1105 3981 dicuntur
1133 3915 1225 3998 (Eth.
1242 3916 1283 3982 N.

122 4019 302 4100 11,4in.),
332 4041 415 4106 quae
442 4017 527 4083 iuter
547 4019 643 4085 animi
673 4019 900 4086 commotiones
928 4013 1221 4108 (affectusjrroidq
1246 4059 1282 4069 -

122 4125 297 4190 κινεῖσθαι
310 4123 353 4187 ib.
373 4123 486 4209 11064a
500 4122 537 4205 5)
559 4133 592 4188 et
613 4122 740 4190 habitus
763 4121 865 4208 (ἕξεις
881 4172 889 4188 .
903 4172 911 4189 .
926 4173 933 4189 .
950 4118 1035 4209 ἔχειν
1058 4114 1096 4192 εὖ
1116 4116 1138 4212 ἢ
1160 4125 1284 4207 κακῶς)

200 4372 219 4438 ¹)
239 4373 276 4425 Cf.
290 4373 322 4424 dc
335 4373 408 4427 caelo
421 4376 442 4440 1,
456 4375 471 4430 1
485 4376 534 4438 inq
548 4375 629 4442 Phys.
643 4373 660 4425 1.
674 4375 692 4426 1.
706 4373 778 4429 mae
790 4375 831 4430 34.

199 4459 220 4524 ¹)
240 4459 306 4522 Oti
329 4462 370 4517 10.

200 4547 219 4612 ³)
240 4547 277 4599 CI.
291 4551 353 4604 Met.
367 4554 439 4620 vm,
453 4555 477 4608 6.
492 4550 583 4607 mssa
595 4551 630 4606 33
643 4567 715 4618 sqq-3
729 4551 761 4603 de
773 4567 814 4604 cn.
827 4553 862 4618 11,
876 4551 893 4606 2
905 4570 926 4606 s.
938 4555 956 4604 1.
976 4552 1061 4618 (cota
1075 4553 1109 4609 14
1120 4553 1170 4620 sq.)
