3156 5246
612 409 836 473 -103-

148 589 209 672 χάς
229 581 504 676 τοῦπράγματος
526 583 547 648 l.
570 584 589 646 l.
611 582 717 646 roceo
733 581 753 646 8
768 603 839 667 sqq.
862 579 903 660 cf,
915 601 947 642 a.
964 583 984 660 ξ
999 581 1066 662 35),
1089 581 1163 648 indo
1187 583 1228 648 ab
1250 605 1299 669 eo,

151 694 292 778 inquam,
316 687 442 754 sciundi
460 685 593 772 verique
616 682 802 748 inveniundi
824 680 964 748 studium
982 683 1149 770 expleatur
1169 707 1302 752 necesse

151 803 208 874 est,
231 791 318 878 quod
340 790 487 856 omuibus
508 787 602 853 nobis
625 810 645 851 a
666 795 781 850 natura
802 785 933 848 insitum
956 793 1018 848 est:
1045 783 1130 850 uude
1152 787 1302 854 Aristote-

149 897 195 960 les
211 893 306 975 (Met.
323 891 340 958 I
355 893 428 975 in.):
449 887 573 969 πάντες
588 875 767 975 άνθρωποι
781 887 843 953 uoci
858 882 985 953 εἰδέναι
1000 880 1174 974 ὀρέγονται
1189 886 1301 979 φύσει.

147 999 194 1064 At
211 1033 249 1044 —
266 1017 331 1082 qua
350 995 392 1060 de
414 1018 449 1060 re
464 993 515 1068 hic
537 991 677 1058 maxime
699 991 804 1076 agitur
821 1027 859 1038 -·-
876 990 931 1054 vix
954 990 1014 1054 erit
1036 989 1091 1077 qui
1113 996 1305 1082 metaphysi-

148 1121 221 1163 oam
245 1097 333 1162 illem
356 1095 536 1162 Aristotelis
561 1117 600 1159 ea
622 1116 686 1180 qua
714 1092 806 1156 nobis
832 1091 951 1156 tradita
981 1101 1029 1156 eet
1057 1094 1162 1159 forma
1189 1096 1229 1160 ad
1253 1097 1304 1162 do·

149 1199 246 1266 cendi
267 1199 407 1285 aliquem
429 1197 587 1262 rationem
602 1205 770 1262 tractatam
789 1216 859 1258 esse
876 1194 1086 1276 contenderit,
1110 1219 1304 1283 quamquam

150 1303 184 1368 iu
205 1303 267 1366 hac
289 1300 423 1386 quidem
442 1297 716 1386 praestantissime
737 1295 905 1383 disciplina
927 1291 1139 1385 (τιμιωτάτη)
1162 1297 1239 1364 illud
1263 1301 1306 1365 di·

151 1403 263 1470 scendi
284 1401 476 1490 principium
499 1410 574 1489 ante
596 1399 703 1464 omnia
726 1398 864 1463 debebat
885 1399 1004 1464 valere.
1038 1399 1197 1466 Convenit
1220 1401 1305 1468 enim

153 1529 226 1571 cum
253 1505 328 1592 >ipsa
361 1503 505 1568 doctrina
528 1501 663 1568 docendi
685 1499 823 1588 quodam
845 1501 939 1566 modo
972 1503 1121 1568 facultas:
1155 1504 1305 1589 quoniam

154 1608 274 1674 Noster
296 1606 413 1672 ducere
436 1627 491 1671 ecs
514 1605 592 1672 dicit
620 1603 675 1690 qui
703 1603 858 1690 cuiusque
879 1603 927 1668 rei
949 1627 1060 1670 causas
1082 1602 1158 1688 (τάς
1180 1601 1305 1689 αἰτίας)

157 1709 302 1774 adierant
323 1707 417 1791 (Met.
440 1708 466 1790 I,
487 1707 517 1772 2.
540 1706 712 1788 aereae).
757 1705 845 1769 Hinc
871 1726 965 1789 vero,
992 1717 1028 1772 ut
1054 1707 1131 1771 alibi
1158 1708 1305 1789 vidimus,

158 1813 272 1877 iterum
294 1832 334 1876 ex
352 1809 551 1896 singularum
570 1831 679 1873 rerum
698 1808 879 1893 cognitione
895 1808 937 1874 ad
953 1809 1211 1896 cognoscendum
1226 1831 1325 1876 sum-v

157 1937 242 1983 mum
264 1913 425 2000 quoddam
453 1921 486 1976 et
506 1912 692 1977 uuiversum
720 1910 939 1996 producimur,
968 1933 1031 1998 quo
1058 1911 1203 1978 subiecta
1224 1933 1307 2000 quae

154 2027 229 2080 sunt
243 2015 358 2080 omnia
380 2007 507 2095 (πάντα
529 2012 570 2080 τά
592 2008 812 2095 ὑποκείμενα)
839 2013 1113 2099 conprendentur:
1140 2013 1185 2076 ita
1206 2021 1242 2077 ut
1264 2014 1308 2080 ul·

154 2117 235 2182 tima
255 2115 379 2179 ratione
399 2135 498 2182 unum
521 2115 670 2203 idemque
690 2114 762 2197 (καὶ
783 2113 844 2202 γάρ
863 2109 1017 2200 τάγαθὸν
1036 2113 1093 2181 καὶ
1106 2112 1145 2180 τὸ
1160 2103 1201 2180 οὗ
1214 2112 1309 2205 ἕνεκα

156 2213 194 2284 ἓν
214 2219 280 2282 τῶν
300 2211 416 2282 αἰτίων
437 2213 525 2284 ἐστίν
545 2219 567 2282 l.
584 2219 622 2302 l.)
652 2241 810 2284 summam
837 2217 998 2283 notionem
1025 2218 1246 2305 conplectatur
1265 2227 1309 2282 ut
1429 2285 1431 2290 ,

157 2343 222 2408 que
237 2320 334 2386 finem
348 2319 545 2406 propositum
566 2322 624 2403 (ἐξ
639 2321 681 2386 39
697 2323 772 2408 sq.).
823 2320 867 2386 Et
885 2321 982 2384 talem
1003 2319 1168 2386 scientiam
1188 2318 1310 2386 habere

157 2444 197 2490 ea
217 2421 336 2488 virtute
357 2420 537 2486 continetur
558 2445 641 2509 quse
661 2422 842 2509 philosophi
857 2422 957 2486 nostri
972 2422 1057 2488 haud
1073 2423 1192 2508 exigua
1214 2422 1309 2487 laude

157 2523 317 2590 laudatur.
332 2561 369 2570 -
384 2521 583 2610 Sapientiam
595 2523 693 2609 igitur
708 2522 791 2608 (ἕξιν
806 2517 1027 2612 θεωρητικήν)
1043 2525 1162 2590 Nostro
1179 2534 1309 2592 auctore

156 2637 194 2693 ut
224 2627 367 2692 breviter
395 2643 480 2692 nunc
505 2623 744 2692 consideremus
767 2638 935 2714 superest:
964 2649 1026 2692 nee
1054 2650 1130 2692 vero
1159 2626 1310 2693 laudandi

157 2751 262 2811 causa,
278 2765 318 2778 -
333 2751 409 2794 nam
431 2727 487 2792 ubi
509 2727 652 2814 gentium
675 2729 896 2816 vituperatur?
913 2767 950 2778 -
967 2727 1024 2794 ced
1039 2739 1076 2794 ut
1090 2729 1197 2816 paullo
1214 2729 1310 2796 etiam

160 2831 337 2896 accuratius
348 2830 583 2918 intellegamus,
600 2831 677 2918 quid
691 2832 731 2897 sit
746 2832 787 2897 ad
803 2833 922 2898 cultum
934 2831 1054 2918 ingenii
1069 2831 1199 2896 humani
1210 2853 1308 2898 uuum

160 2933 237 2998 illud
258 2943 355 3020 atque
375 2955 544 3013 summum,
567 2932 652 2998 uude
668 2955 710 2998 ex
730 2933 937 3000 similitudine
953 2933 1091 3021 quadam
1106 2931 1147 2997 ad
1169 2933 1310 3000 divinam

159 3044 307 3100 naturam
332 3033 495 3121 adspirare
518 3034 663 3100 dicamur
685 3038 721 3118 (ᾗ
740 3037 798 3119 42)
808 3035 844 3120 ¹).
863 3075 904 3086 --
926 3035 1032 3116 Quem
1057 3035 1098 3100 ad
1118 3035 1214 3102 finem
1235 3037 1312 3102 inde

159 3137 403 3304 edeetaphys.
423 3136 445 3202 l.
462 3135 484 3201 l.
503 3137 547 3219 (Ι,
563 3137 598 3218 2)
622 3159 706 3225 quae
729 3139 791 3204 huc
812 3145 999 3225 repetantur
1020 3137 1185 3224 aptissima
1206 3139 1313 3226 aliqua

158 3237 192 3303 vi
215 3247 318 3305 entur.

243 3442 296 3508 49.
330 3440 454 3521 Quodsi
476 3442 618 3508 omnium
639 3465 810 3526 consensu,
833 3453 867 3509 ut
889 3443 935 3509 eit
956 3442 1153 3528 Aristotelis,
1176 3445 1313 3534 sapienti

162 3542 365 3611 tribuendum
388 3544 445 3628 sit,
474 3543 614 3632 primum
636 3545 800 3612 scientiam
827 3545 945 3612 hebere
968 3568 1063 3632 quum
1085 3548 1225 3614 maxime
1244 3547 1313 3615 uni·

162 3645 320 3710 versalem
345 3645 405 3733 (μή
425 3640 504 3712 καθ’
529 3643 665 3714 ἕκαστον
687 3643 802 3730 ἔχοντα
829 3642 1041 3735 ἐπιστήμην),
1069 3648 1185 3715 deinde
1206 3675 1312 3718 rerum

162 3747 340 3815 difficilium
363 3749 578 3836 coguitionem
601 3748 657 3832 (τά
677 3749 807 3831 χαλεπά
828 3753 982 3837 γνῶναι),
1011 3774 1083 3816 cum
1105 3752 1314 3840 intellegendi

162 3849 369 3918 subtilitatem
392 3845 608 3938 (ἀκρίβειαν),
636 3863 704 3919 tum
732 3875 790 3940 pro
814 3853 881 3920 eius
903 3854 1020 3920 virtute
1047 3853 1182 3920 docendi
1214 3859 1313 3924 facul·

162 3961 260 4022 tatem
284 3949 624 4042 (daduoaultuuicepou
649 3951 881 4038 audaciadure),
910 3955 1034 4022 sciundi
1055 3955 1193 4046 denique
1214 3960 1314 4050 ipsius

164 4055 289 4122 sciundi
323 4055 441 4143 gratia
462 4079 602 4124 amorem
636 4055 709 4145 (τήν
742 4051 844 4146 αὐτῆς
875 4054 981 4124 ἕνεκεν
1013 4057 1069 4125 καὶ
1099 4062 1160 4128 τοῦ
1189 4059 1314 4134 εἰδέναι

161 4148 283 4238 χάριν),
306 4158 391 4226 unde
406 4158 582 4246 sapientiae
596 4159 768 4248 praecipue
784 4161 954 4226 conveniat
973 4163 1186 4252 principatum
1204 4177 1315 4233 tenere

165 4250 305 4346 (οὐγὰρ
328 4260 396 4328 δεῖν
418 4256 661 4328 ἐπιτάττεσθαι
682 4261 740 4332 τὸν
763 4259 878 4351 τάφον,
902 4258 973 4332 ἀλλ’
995 4261 1211 4350 ἐπιτάττειν)
1234 4269 1313 4334 haec

164 4407 364 4418 ...-.=—-—-

240 4485 257 4550 1)
276 4483 314 4534 cr.
328 4484 386 4538 uin.
399 4486 429 4537 u.
443 4487 476 4551 x,
492 4486 576 4552 rsqq.
591 4469 664 4550 icon.
677 4487 712 4539 u.
725 4489 788 4538 uos.
803 4489 823 4554 1,
837 4486 890 4554 35).
