3154 5252
250 2949 318 3012 iure
343 2971 381 3011 ac
408 2946 509 3031 magis
538 2946 702 3031 magisque
730 2967 853 3009 summu
881 2944 967 3009 valet
995 2947 1199 3026 auctoritate,
1234 2945 1274 3009 ed
1309 2969 1404 3032 quum

250 3066 335 3132 haud
369 3067 519 3151 exiguum
548 3065 579 3128 id
608 3065 793 3146 contulerit,
829 3063 914 3151 quod
945 3073 993 3130 tot
1020 3074 1052 3128 et
1084 3075 1189 3130 tantas
1222 3067 1404 3152 gravissimi

251 3186 401 3274 ponderis
424 3206 475 3248 res
498 3208 560 3248 uno
583 3195 614 3247 et
637 3207 759 3248 summo
781 3183 911 3269 ingenio
939 3184 1115 3270 conplexus
1139 3195 1201 3267 est,
1232 3186 1286 3273 qui
1310 3195 1342 3250 et
1364 3186 1405 3250 lo·

249 3307 335 3394 gicav
352 3303 513 3392 pepererit
545 3325 604 3367 nec
632 3287 809 3368 deseruerit
841 3303 998 3368 naturalia
1025 3303 1248 3368 aut‘moralia.
1297 3307 1407 3391 Atque

249 3426 329 3490 haec
351 3422 485 3490 moralia
507 3421 636 3509 quidem
654 3421 835 3488 Aristotelis
856 3423 976 3508 scripta
998 3421 1084 3488 omni
1100 3423 1204 3488 studio
1227 3423 1405 3511 amplexus,

251 3567 323 3610 cum
346 3567 429 3632 quae
451 3545 492 3610 ed
514 3545 686 3608 humanam
710 3541 932 3606 educationem
947 3539 1120 3627 praecipue
1143 3553 1288 3629 spectent
1310 3545 1407 3633 respi-

251 3687 366 3743 cerem,
389 3665 586 3749 voluptotem
609 3672 683 3728 ante
706 3661 813 3728 omnia
834 3658 1094 3747 pertractandam
1116 3663 1254 3748 suscepi,
1279 3685 1319 3726 ex
1342 3687 1407 3749 qua

250 3781 395 3848 homines
416 3783 540 3848 ratione
562 3780 764 3866 imperatrice
779 3779 867 3844 velut
882 3801 923 3842 ex
943 3779 1067 3844 intuma
1082 3781 1179 3846 animi
1196 3782 1407 3847 commotione

251 3900 294 3966 ad
315 3921 469 3967 summam
492 3901 690 3967 honestatem
720 3898 829 3984 egredi
852 3896 1030 3962 videantur.
1077 3897 1143 3964 Sed
1166 3901 1210 3964 uti
1226 3901 1304 3966 *fieri
1327 3903 1407 3966 solet

252 4041 293 4084 ex
316 4017 480 4106 operando
508 4042 609 4106 opera
634 4017 773 4086 exsistit:
805 4015 892 4083 atiud
920 4015 981 4080 alio
1009 4017 1198 4104 requiritur,
1226 4018 1289 4084 alio
1322 4021 1406 4086 aliud

252 4137 433 4204 sustinetur.
482 4137 535 4202 Ex
566 4137 639 4202 finis
669 4138 863 4223 cogitatione
896 4137 1037 4205 omnium
1069 4157 1176 4200 rerum
1207 4136 1310 4202 ordini
1339 4163 1408 4225 pro·

251 4255 347 4345 positi
369 4253 575 4322 beatitudinis
597 4254 652 4322 ills
675 4255 865 4343 deprompta
894 4265 943 4322 est
970 4254 1133 4336 doctriua,
1160 4255 1246 4322 unde
1273 4256 1408 4342 adparet

251 4399 323 4446 cum
345 4375 473 4462 singula
495 4374 602 4440 omnia
625 4396 721 4459 quem
748 4372 781 4436 in
808 4375 971 4445 hominum
1000 4373 1188 4444 educatione
1211 4383 1343 4440 teneant
1365 4376 1408 4441 lo-

253 4517 338 4578 cum,
366 4505 435 4562 tum
456 4493 596 4560 maxime
620 4492 792 4580 voluptatis
814 4493 862 4558 vis
893 4505 1047 4581 quantum
1070 4495 1176 4562 valeat
1198 4493 1239 4560 ad
1262 4495 1407 4562 homines
