3156 5246
799 409 1008 478 ,-66-

329 601 397 646 rem
420 580 515 644 etiam
539 580 632 644 aliter
653 601 688 643 se
710 579 831 644 hebere
852 601 947 666 posse
973 579 1225 661 exsistimantes,
1251 580 1384 662 seimus,
1412 603 1490 646 eum

327 683 421 750 nobis
443 705 631 770 persuasum
651 681 704 764 sit,
725 703 795 746 rem
816 705 880 746 non
903 681 995 746 aliter
1018 703 1051 746 se
1074 681 1195 746 habere
1218 703 1314 768 posse
1336 684 1418 765 (An.
1434 705 1489 768 po.

330 786 349 850 l.
368 787 389 851 l.
406 786 475 850 89α
490 788 509 849 2
525 786 626 870 sqq.):
649 777 759 862 οὐδεὶς
781 779 891 850 αἰὀται
911 781 973 862 δοξ
985 779 1074 862 ζειν,
1097 779 1177 850 ὅταν
1192 778 1491 870 οἴηταιάδύνατον

331 879 442 966 ἄλλως
461 884 556 968 ἔχειν.
580 887 683 951 Nemo
707 887 792 951 enim
816 909 850 951 se
874 884 998 972 opinati
1021 885 1208 967 exsistimus,
1230 887 1286 952 ubi
1308 911 1372 952 non
1396 888 1493 952 aliter

307 1013 399 1055 ,rem
429 1014 462 1054 se
488 991 608 1054 habere
634 1009 729 1075 posse
757 989 944 1054 exsistimat.
978 1025 1013 1034 —
1048 987 1233 1076 Utrumque
1264 1027 1302 1036 —-
1333 988 1376 1075 [id
1401 987 1492 1074 quod

330 1092 412 1158 elias
435 1092 574 1179 quidem,
598 1089 657 1156 etsi
679 1112 742 1155 non
765 1093 895 1156 omnino
919 1083 975 1172 (οὗ
997 1083 1158 1172 πάντας),
1183 1100 1324 1158 attamen
1346 1090 1490 1178 quodam

331 1194 426 1258 modo
447 1195 541 1259 facile
561 1193 761 1280 intellegitur
783 1191 851 1256 fieri
874 1191 980 1279 posse]
1004 1227 1046 1246 «-
1076 1193 1116 1256 de
1137 1192 1252 1260 eodem
1278 1193 1373 1260 simul
1401 1187 1491 1274 (ἅμα

330 1295 369 1362 τὸ
390 1290 490 1378 αὐτό)
519 1299 552 1361 in
581 1319 647 1361 una
673 1293 850 1380 eademque
878 1317 913 1358 re
939 1295 1010 1362 fieri
1031 1317 1128 1382 posse
1148 1307 1302 1384 negatur:
1330 1296 1375 1360 ita
1403 1295 1491 1361 enim

331 1421 367 1462 -re
390 1409 549 1486 concepta
569 1398 705 1464 alterum
728 1399 830 1464 altero
852 1397 980 1463 exeludi
1002 1419 1135 1464 neeesse
1159 1420 1244 1480 esse,
1270 1397 1354 1460 sieut
1374 1418 1490 1460 verum

333 1510 365 1564 et
393 1500 508 1564 falsum
538 1495 664 1586 (ὥσπερ
687 1500 744 1567 καὶ
764 1499 894 1588 ψευδὴς
916 1499 974 1566 καὶ
996 1495 1129 1587 ἀληθής
1153 1503 1214 1566 τοῦ
1236 1493 1342 1568 αὐτοῦ
1363 1493 1491 1586 τρόπον

325 1596 422 1680 τινά,
453 1598 540 1667 οὕτω
561 1599 617 1669 καὶ
643 1598 810 1690 ἐπιστήμη
829 1601 889 1668 καὶ
909 1597 993 1682 δόξα
1014 1606 1076 1669 τοῦ
1097 1597 1214 1670 αὐτοῦ.
1242 1603 1265 1668 l.
1280 1603 1303 1667 l.
1319 1603 1392 1668 a23
1414 1624 1488 1687 sqq.

334 1705 543 1770 0011.a38..
571 1700 625 1770 ὅτι
646 1701 726 1773 οὐδὲ
748 1700 902 1786 δοξάζειν
928 1702 998 1789 ἅμα
1023 1705 1062 1772 τὸ
1093 1700 1177 1773 οὔτὰ
1200 1703 1257 1772 καὶ
1278 1699 1490 1770 ἐπίστασθαι

333 1804 514 1887 ἐνδέχεται)
526 1806 560 1888 ¹).
580 1843 615 1856 -
633 1808 749 1895 Itaque
771 1829 886 1894 reapse
908 1810 1115 1897 consequitur
1136 1809 1170 1874 id
1191 1807 1278 1897 quod
1295 1807 1488 1872 Aristoteles

334 1910 394 1976 hoe
406 1907 446 1974 τὸ
462 1902 674 1990 ἐνδεχόμενον
687 1909 744 1976 καὶ
756 1902 866 1988 ἄλλως
881 1959 890 1975 .
908 1961 916 1976 .
938 1908 1174 1999 (φαινόμενον)
1191 1911 1220 1976 ei
1237 1910 1388 1997 quodest
1401 1907 1486 1996 πρὸς

331 2004 420 2097 ἡμᾶς
434 2011 502 2098 pari
518 2010 657 2096 quadam
673 2015 798 2076 ratione
809 2014 1004 2100 respondere
1018 2015 1116 2080 docet
1136 2024 1233 2100 atque
1248 2012 1327 2076 illud
1341 2008 1381 2078 τι)
1398 2009 1479 2078 ἐνδε-

329 2108 470 2195 χόμενον
492 2107 552 2178 οὐκ
573 2105 682 2192 ἄλλως
704 2109 854 2197 (ἁπλῶς)
878 2117 907 2178 ei
930 2117 1014 2203 quod
1039 2128 1088 2181 est
1110 2111 1211 2204 φύσει
1232 2115 1376 2198 πρῶτον.
1408 2114 1483 2195 (An.

333 2239 384 2303 po.
409 2215 475 2296 1,2
496 2207 759 2300 0011.0.33l.t)
804 2217 978 2301 Nimirum,
1006 2229 1043 2284 ut
1063 2220 1171 2283 verbis
1200 2228 1271 2282 utar
1293 2215 1485 2296 Aristotelis,

334 2317 427 2401 (Mes
444 2318 488 2400 ΙΙ,
507 2320 536 2382 1.
559 2319 646 2384 9931)
661 2320 681 2382 9
698 2323 763 2406 sq.)
787 2315 901 2404 ὥσπερ
916 2317 978 2406 γὰρ
993 2315 1130 2385 καὶτῶν
1144 2314 1339 2405 νυκτερίδων
1355 2309 1485 2400 ὄμματα

334 2418 417 2507 πρὸς
436 2418 475 2487 τὸ
499 2419 622 2508 φέγγος
643 2417 709 2502 ἔχει
730 2421 769 2488 τὸ
790 2416 868 2504 μεθ’
892 2415 1032 2508 ἡμέραν,
1056 2419 1146 2490 οὕτω
1168 2421 1304 2506 καὶτῆς
1326 2413 1484 2508 ἡμετέρας

333 2526 442 2611 ψυχῆς
469 2516 488 2588 ὁ
510 2526 588 2604 νοῦς
614 2523 699 2610 πρὸς
728 2524 773 2590 τὰ
791 2527 833 2613 τῇ
859 2520 961 2612 φύσει
990 2520 1211 2612 φανερώτατα
1237 2519 1372 2590 πάντων
1380 2523 1415 2606 ²).
1445 2561 1480 2569 -

332 2626 438 2705 Quem
465 2625 508 2690 ad
539 2626 669 2692 modum
701 2629 962 2714 vespertilionum
990 2628 1073 2694 oculi
1100 2628 1141 2692 sd
1174 2628 1279 2692 lucem
1304 2649 1339 2690 se
1368 2626 1481 2688 hebent

331 2727 411 2809 diei,
438 2730 483 2794 ita
504 2738 537 2793 et
557 2729 740 2794 intellectus
767 2730 891 2796 animae
920 2742 1049 2795 nostrae
1072 2731 1112 2794 ad
1133 2753 1174 2794 ee
1194 2751 1278 2816 quae
1301 2725 1476 2792 manifestis-

333 2831 414 2896 sims
436 2840 512 2896 sunt
530 2831 682 2896 omnium.
726 2832 792 2896 Res
814 2857 872 2898 sus
891 2845 1010 2898 natura
1029 2827 1164 2918 (φύσει)
1187 2831 1265 2898 satis
1289 2831 1400 2896 clerae:
1420 2848 1477 2890 nos

334 2943 441 2998 eutem
462 2957 480 2997 s
501 2942 617 2998 natura
637 2934 682 2998 its
704 2937 849 3020 generati
870 2959 977 3000 sumus
1000 2947 1031 2999 et
1054 2935 1198 3000 sensibus
1228 2933 1393 3022 percipere
1415 2943 1481 2994 tem

333 3034 486 3114 eonsueti
503 3046 539 3098 ut
550 3057 657 3100 rerum
674 3047 820 3102 naturam
837 3037 995 3124 explicate
1012 3036 1234 3124 oonprendere
1257 3038 1313 3100 vix
1334 3057 1427 3122 pesse
1442 3030 1485 3094 vi-

333 3137 466 3203 deamur
475 3136 654 3222 mentisque
667 3149 796 3204 nostrae
811 3141 895 3205 scies
909 3141 1042 3204 clariore
1057 3140 1201 3204 veritatis
1215 3137 1386 3225 splendere
1398 3134 1488 3223 quasi

332 3239 632 3328 praestringatur³).
677 3240 771 3319 Quod
794 3265 870 3306 vero
893 3243 933 3307 ad
956 3242 1208 3328 intellegendum
1233 3242 1318 3306 valet
1334 3261 1412 3304 vere
1435 3249 1489 3303 aut

331 3344 412 3408 false
439 3341 564 3429 opinari
591 3353 716 3409 tantum
742 3345 792 3408 vel
814 3345 900 3410 idem
928 3345 1034 3431 potius
1063 3345 1103 3408 ad
1134 3345 1295 3431 agendum
1324 3343 1406 3408 bene
1434 3351 1489 3406 aut

332 3445 417 3510 mele
442 3455 601 3510 moratum
620 3468 708 3512 esse:
736 3446 805 3512 fieri
834 3447 917 3512 enim
948 3471 1013 3512 nen
1035 3448 1160 3535 nequit,
1189 3459 1224 3511 ut
1245 3455 1353 3510 rectae
1372 3442 1489 3510 rationi

333 3549 394 3636 (τῷ
409 3541 504 3634 ὀρθῷ
517 3542 622 3634 λόγῳ)
639 3537 846 3614 adversantes
862 3572 925 3614 non
939 3551 1091 3614 feriamus
1108 3549 1300 3616 destinatum
1315 3547 1395 3612 iilud
1416 3546 1490 3632 (τὸν

334 3648 477 3733 σκοπόν)
508 3651 593 3739 quod
620 3651 712 3716 velut·
736 3661 822 3716 certe
844 3651 909 3733 ictu
935 3651 1069 3737 adsequi
1098 3651 1270 3738 prudentia
1289 3650 1419 3716 'dietum
1442 3659 1489 3714 est

335 3754 443 3824 doceri
464 3764 498 3818 et
519 3765 643 3819 rectum
667 3753 750 3818 effici
772 3753 904 3818 virtute:
929 3777 970 3817 ex
992 3755 1107 3839 quibus
1119 3753 1247 3818 duabus
1262 3775 1342 3839 opus
1365 3752 1489 3818 absolvi

336 3857 437 3941 possit
458 3856 549 3938 (Eth.
572 3857 619 3922 N.-
637 3856 694 3938 VI,
720 3857 770 3920 13.
796 3857 910 3920 1144a
925 3855 962 3919 6:
983 3853 1022 3920 τὸ
1052 3854 1146 3943 ἔργον
1168 3849 1383 3922 ἀποτελεῖται
1406 3853 1490 3922 κατὰ

335 3954 394 4043 τὴν
415 3954 575 4045 φρόνησιν
595 3957 652 4024 καὶ
669 3956 728 4044 τὴν
749 3950 874 4044 ἠθικήν
894 3951 1074 4044 ἀρετήνγ).
1096 3997 1138 4007 -
1163 3959 1249 4024 Hine
1272 3957 1369 4044 igitur
1391 3960 1489 4024 etiam

337 4061 469 4125 alteram
491 4061 524 4125 in
545 4073 671 4149 partem
691 4084 743 4125 res
766 4059 917 4124 intuenda
939 4059 1076 4124 videtur.
1104 4099 1140 4108 -

410 4257 427 4320 ¹)
447 4255 486 4305 Cf.
500 4256 587 4307 Schol.
600 4258 637 4307 Ιο.
650 4258 718 4308 Phil.
733 4255 787 4311 t3t
800 4257 838 4308 ed.
853 4255 971 4310 Brendis.
984 4271 1009 4322 p.
1022 4255 1094 4311 2391,
1108 4257 1150 4310 12.

407 4341 426 4404 ²)
445 4341 483 4391 cf.
497 4341 528 4390 de
540 4357 581 4390 sn.
594 4343 628 4405 11,
643 4343 676 4395 12
687 4346 723 4394 in.

408 4425 428 4490 ³)
448 4427 485 4476 cf.
498 4427 574 4477 Alex.
588 4428 725 4494 Aphrodis.
739 4447 762 4480 a.
775 4431 793 4480 l.
806 4431 823 4482 1.
836 4433 895 4484 eoll.
909 4433 988 4500 Phys.
1002 4434 1023 4495 I,
1038 4433 1061 4484 1.

407 4514 427 4576 ⁴)
447 4513 483 4563 ef.
498 4513 514 4562 1.
528 4513 547 4565 l.
561 4515 602 4568 10.
622 4514 709 4568 1142t
722 4519 739 4570 6
752 4534 807 4584 sqq.
