3154 5252
777 441 989 507 -23-

303 613 424 702 aliquid
453 635 537 698 asse3
568 614 703 679 alterum
734 611 851 678 deinde
878 609 917 679 τὸ
941 602 1140 698 αἰσθητικόν
1168 609 1388 694 (sensitivum)
1411 611 1462 677 his

302 717 425 782 duobus
449 717 567 797 solum,
596 716 707 782 bestiis
731 725 763 781 et
792 715 973 780 hominibus
997 713 1241 796 (innotata
1264 716 1349 801 sqq.)
1374 714 1462 778 attri-

300 819 425 900 butum,
448 819 577 885 tertium
605 818 743 907 denique
771 817 810 886 ιδ
837 809 1052 905 διανοητικόν
1078 813 1339 898 (intellectivum)
1366 818 1462 881 unius

302 921 431 986 humani
446 921 572 1007 generis
588 922 752 1010 proprium
774 943 843 986 esse
866 919 922 1002 (de
940 943 991 984 an.
1008 919 1053 998 Il,
1070 920 1089 982 3
1110 917 1152 983 in.
1170 927 1202 982 et
1221 919 1308 982 414o
1327 919 1364 982 18
1388 917 1462 983 coll.

300 1023 372 1088 Pol.
394 1023 413 1088 l.
431 1024 479 1105 1.).
506 1063 542 1071 -
567 1023 653 1089 Huic
677 1021 891 1090 distributioni
913 1020 1108 1108 respondere
1133 1022 1227 1086 etiam
1251 1020 1353 1085 altera
1377 1020 1464 1086 vide-

301 1137 368 1206 tur,
401 1148 485 1213 quae
506 1125 576 1213 pari
599 1127 693 1191 modo
718 1125 758 1190 ad
781 1122 938 1190 educandi
962 1123 1141 1188 doctrinam
1164 1132 1288 1210 spectat
1311 1123 1402 1206 (Eth.
1420 1125 1462 1190 N.

301 1227 383 1310 11,4
401 1227 471 1311 im).
515 1229 681 1294 Discernit
704 1228 789 1292 enim
815 1227 1005 1291 Aristoteles
1029 1225 1126 1292 animi
1151 1227 1379 1291 commotiones
1405 1228 1464 1309 (af-

301 1329 417 1412 fectus,
445 1325 560 1416 πάθη)
583 1332 751 1399 facultates
778 1368 813 1376 —-
839 1328 1038 1414 angustiore,
1067 1340 1102 1394 ut
1123 1327 1265 1408 videtur,
1297 1329 1386 1394 verbi
1413 1352 1465 1395 no·

303 1431 398 1514 tionc,
413 1471 448 1480 -
464 1428 654 1517 (δυνάμεις)
671 1431 864 1520 habitusque
877 1429 1004 1515 (ἕξεις),
1023 1432 1078 1519 qui
1091 1431 1271 1497 exercendo
1289 1441 1321 1496 et
1333 1433 1461 1518 agendo

302 1536 482 1622 conparati,
522 1537 639 1624 partim
666 1529 832 1600 ‘morales'
867 1529 1021 1622 (ἦθικαῶ
1054 1534 1170 1622 partim
1198 1528 1461 1600 ‘intellectuales’

302 1633 540 1725 (διανοητικοί)
564 1639 671 1726 specie
693 1637 898 1703 nominantur
913 1639 1094 1725 iterumque
1111 1637 1350 1722 distinguuntur
1368 1639 1462 1722 (Eth.

301 1740 342 1804 N.
359 1740 379 1803 l.
397 1741 418 1804 l.
437 1741 507 1805 coll.
525 1741 582 1822 Vl,
605 1741 671 1823 13).
699 1779 734 1788 -
763 1739 966 1828 Quamquam
989 1763 1065 1805 vero
1089 1750 1231 1805 nostrum
1256 1764 1320 1806 non
1343 1741 1463 1829 poterit

302 1864 383 1924 asse,
407 1840 446 1905 de
463 1842 511 1907 his
527 1843 633 1925 rebus,
656 1865 792 1931 quarum
814 1843 967 1908 nonnulla
986 1843 1049 1908 iam
1071 1866 1168 1931 supra
1184 1845 1463 1910 commemoranda

302 1954 407 2024 eraut,
431 1945 609 2010 accuratius
631 1946 691 2010 hoc
714 1945 784 2010 loco
812 1946 989 2032 disputare,
1016 1955 1125 2011 tamen
1153 1945 1383 2012 disserentibus
1412 1971 1463 2013 no·

302 2047 351 2112 bis
374 2046 414 2112 de
442 2047 599 2113 educandi
624 2049 789 2136 principiis
810 2071 849 2113 aa
870 2071 934 2112 non
957 2048 1246 2134 praetermittenda
1268 2059 1356 2133 sunt,
1380 2073 1461 2138 quae

301 2151 456 2216 hacteuus
477 2151 661 2217 Aristotelis
685 2151 724 2215 de
747 2151 853 2217 anima
875 2152 1017 2215 humana
1040 2150 1217 2217 doctrinam
1239 2153 1397 2240 attingere
1419 2155 1460 2216 vi-

303 2252 428 2318 dentur.
455 2291 491 2300 -
518 2251 641 2333 Quodsi
668 2254 765 2341 igitur
792 2255 823 2320 in
853 2254 991 2344 primam
1014 2254 1150 2319 hominis
1173 2265 1310 2321 aetatem
1336 2256 1459 2344 respici·

304 2379 389 2439 mus,
424 2379 465 2421 ex
492 2357 604 2423 Nostri
635 2358 796 2424 sententia
827 2368 951 2446 septem
978 2379 1136 2424 annorum
1163 2358 1264 2446 spatio
1298 2358 1458 2426 definitam

304 2459 388 2542 (Pol.
412 2459 468 2542 IV,
488 2461 525 2525 17
548 2462 657 2542 extu),
680 2461 712 2525 in
735 2460 807 2526 illas
829 2460 908 2526 duas
930 2461 1119 2547 praesertim
1142 2461 1457 2529 animadvertendum

304 2563 365 2628 erit
386 2563 565 2646 facultates,
588 2587 724 2652 quarum
741 2563 842 2629 altera
858 2563 972 2630 attinet
988 2563 1028 2629 ad
1044 2563 1286 2648 nutrimentum,
1309 2565 1455 2652 corporis·

304 2689 367 2752 que
391 2677 422 2732 et
445 2689 553 2732 curam
577 2675 609 2732 ct
632 2667 799 2750 culturam,
824 2666 926 2732 altera
949 2689 1026 2732 varo
1049 2667 1224 2732 adsensus
1247 2685 1449 2752 sensuumque

303 2769 553 2856 perceptionem,
576 2770 666 2858 quasi
689 2769 828 2858 primum
851 2770 949 2835 animi
972 2769 1168 2835 alimentum.
1187 2809 1223 2817 —
1249 2769 1352 2838 Sentit
1372 2766 1450 2832 enim

303 2871 494 2937 Aristoteles
517 2872 618 2954 (Hist.
636 2896 685 2939 an.
703 2873 798 2956 VIII,
819 2876 843 2937 1.
868 2873 959 2939 483ιι
974 2873 1031 2957 33)
1055 2871 1248 2938 simillimam
1270 2895 1340 2939 esse
1361 2871 1454 2936 infan-

303 2975 381 3039 tium
404 2974 502 3039 vitum
525 2975 611 3040 vitae
633 2977 813 3064 plantarum
837 2971 966 3064 (φύτων
989 2974 1086 3058 ζῶντι
1111 2972 1186 3060 βίον
1223 2978 1294 3043 coll.
1317 2975 1392 3042 Eth.
1414 2973 1454 3040 N.

303 3077 346 3158 X,
364 3079 392 3141 6.
420 3077 528 3144 ntea
543 3079 599 3162 35)
624 3090 655 3144 et
678 3079 816 3168 primum
839 3080 982 3169 paullum
1003 3079 1175 3145 admodum
1200 3078 1328 3146 differre
1352 3100 1456 3144 eorum

303 3181 427 3246 animos
444 3203 462 3245 a
478 3183 613 3247 caeteris
637 3183 851 3250 animantibus
875 3177 1083 3268 (ἀνάλογον).
1121 3182 1238 3270 Itaque
1256 3183 1288 3247 in
1306 3184 1367 3248 hac
1389 3179 1459 3244 edu·

304 3285 438 3351 cationis
462 3295 553 3373 parte
580 3285 615 3351 id
635 3286 836 3372 potissimum
861 3289 980 3374 agitur,
1011 3284 1095 3374 quod
1119 3283 1160 3349 ad
1184 3284 1406 3374 accipiendum
1430 3293 1459 3346 et

303 3387 490 3474 patiendum
517 3385 571 3472 (ιδ
599 3384 770 3474 πάσχειν),
799 3390 839 3456 ad
869 3387 1103 3454 confirmandas
1131 3389 1230 3454 animi
1261 3399 1293 3454 et
1321 3387 1460 3478 corporis

302 3491 475 3558 facultates
495 3490 549 3576 (ιδ
570 3486 758 3578 δύνασθαι)
782 3493 929 3582 partinet,
954 3514 1012 3579 pro
1035 3491 1198 3574 materiae,
1222 3483 1261 3556 ut¹
1278 3493 1325 3556 ita
1347 3492 1459 3570 dicam,
1512 3485 1514 3492 ’

303 3604 435 3661 natura:
460 3594 534 3660 dum
549 3596 652 3684 ipsum
670 3620 777 3685 agera,
795 3605 952 3686 quatenus
969 3593 1213 3681 intelligentiam
1232 3594 1357 3682 quaerit
1373 3591 1461 3678 (Eth.

304 3697 346 3762 N.
369 3698 428 3778 VI,
452 3700 491 3763 13
512 3701 609 3782 extr.)
636 3700 742 3790 ipsum
771 3700 895 3766 discere
920 3697 1080 3763 ottocari
1104 3698 1161 3780 (cf.
1182 3695 1249 3761 Pol.
1271 3694 1291 3760 l.
1311 3693 1331 3759 l.
1356 3694 1463 3760 1336a

305 3803 343 3865 21
363 3804 426 3889 sq.)
450 3803 517 3866 fere
540 3802 637 3892 plane
666 3802 778 3870 abesse
810 3803 937 3868 debent.
982 3799 1193 3867 Educationis
1218 3810 1265 3863 est
1287 3797 1316 3863 ei
1339 3819 1462 3887 quaea

304 3913 419 3971 natura
435 3905 470 3970 fit
487 3906 700 3972 distributioni
717 3905 849 3994 obsequi
870 3906 927 3995 (τῇ
943 3901 1108 3992 διαιρέσει
1123 3905 1180 3990 τῆς
1196 3897 1330 3991 φύσεως
1345 3897 1462 3970 ἔπαιε·

306 4008 442 4074 λουδεῖν
463 4009 764 4094 ib.1V‚17extr.).
810 4007 876 4075 Sed
899 4019 1026 4074 transeo
1050 4009 1090 4074 ad
1115 4008 1242 4094 singula
1263 4007 1427 4071 nonnulla.

393 4215 442 4282 15.
466 4214 675 4282 Educationis
699 4239 782 4303 quae
805 4214 920 4282 dicitur
940 4215 1096 4283 naturalis
1112 4239 1131 4280 a
1145 4213 1305 4303 principio
1327 4210 1368 4276 ad
1392 4233 1460 4276 con·

306 4319 498 4384 servandum
523 4317 841 4408 confirmandumque
863 4341 979 4405 corpus
1000 4317 1210 4408 spectandum
1231 4337 1302 4382 esse
1324 4313 1460 4380 vidimus

308 4414 586 4510 (addemnatis),
610 4443 674 4508 qua
691 4423 815 4488 ratione
831 4421 982 4488 materies
1005 4419 1059 4504 (ιδ
1081 4415 1221 4504 δυνάμει
1243 4411 1307 4502 δν),
1325 4418 1358 4483 id
1377 4413 1460 4506 quod

306 4527 448 4613 potentia
457 4534 514 4608 est,
522 4523 625 4611 magia
638 4525 803 4613 magisque
815 4525 1180 4614 perficiamu—Itaque
1189 4521 1325 4588 hominis
1339 4522 1379 4588 ab
1392 4527 1460 4587 ortu
