3154 5252
608 391 817 458 ..29-

130 587 277 631 curarum
298 585 531 651 munerumque
552 561 652 628 series
668 562 819 649 incipitur
835 563 1016 648 gravissimi
1034 562 1185 650 ponderis
1195 562 1230 644 ¹).
1252 601 1288 610 -

131 669 292 736 Alimenta.
316 667 466 733 dicuntur
487 664 649 730 medicina
672 686 757 747 esse,
788 687 851 754 qua
881 689 1009 755 semper
1030 665 1206 753 indigetur:
1239 664 1290 730 lec

131 770 262 836 nutricis
286 769 424 858 primum
451 768 542 854 large
571 767 779 854 abundeque,
809 765 916 832 cibum
944 778 1119 857 potumque
1148 779 1221 855 post
1248 791 1290 832 ex

130 896 251 962 aequo,
284 879 393 937 censet
423 869 627 953 Aristoteles,
660 869 820 956 modoque
848 869 1068 956 praebendum
1099 892 1168 936 esse
1203 869 1289 954 (Pol.

131 975 190 1058 IV,
208 977 263 1060 173
280 975 351 1039 (ioli.
368 973 410 1056 V,
427 976 448 1037 4
465 975 576 1054 extr.):
594 971 741 1035 vestitum
758 971 876 1036 debere
893 995 955 1037 non
972 972 1065 1038 nimis
1078 995 1210 1060 gravem
1224 995 1292 1039 esse

130 1079 188 1143 sed
217 1078 314 1143 talem
344 1099 407 1164 quo
436 1075 579 1139 membra
612 1097 675 1139 non
712 1073 952 1162 conprimuntur
980 1098 1040 1140 nec
1076 1086 1245 1141 arceantur
1274 1099 1293 1140 a

129 1181 233 1247 libera
257 1180 400 1245 motione
422 1177 493 1261 (1.1.
517 1177 625 1242 1336α
642 1178 681 1240 10
701 1179 776 1264 sq).
821 1177 997 1244 Metionem
1023 1179 1106 1243 euim
1130 1178 1171 1243 ad
1193 1178 1293 1243 incre·

129 1296 275 1350 mentum
298 1281 383 1348 haud
407 1283 557 1366 exiguum
581 1281 741 1361 conferre,
763 1280 848 1353 sicut
871 1303 889 1344 a
915 1291 1029 1347 natura
1051 1279 1207 1368 plorando
1231 1281 1293 1346 cla·

74 1464 77 1468 ¹
129 1387 318 1474 mundoque
339 1407 509 1474 puerorum
537 1383 680 1469 corporis
708 1381 897 1447 exercitatio
926 1382 1082 1471 quaedam
1114 1380 1293 1469 (γυμνασία

129 1493 202 1570 τοῖς
218 1484 384 1572 σώμασιν)
406 1510 558 1553 concessa
574 1485 615 1551 sit
637 1485 697 1569 (ib.
714 1508 734 1549 a
749 1487 792 1550 34
807 1490 883 1573 sq.),
906 1509 1003 1572 quam
1019 1510 1081 1551 non
1101 1487 1161 1552 nisi
1176 1487 1292 1553 iniuria

135 1587 214 1676 (οὐκ
238 1587 365 1679 ὀρθῶς)
389 1613 458 1655 esse
482 1589 537 1677 qui
561 1589 692 1677 reprimi
727 1588 795 1670 (vel
817 1587 942 1674 legibus
977 1585 1108 1676 [σημεῖα
1137 1584 1294 1674 οὐδαμῶς

135 1689 262 1782 εὐτυχῆ]
287 1694 400 1776 vetari)
423 1693 523 1758 velint
532 1691 571 1776 ¹).
589 1728 628 1740 ·—
646 1690 785 1758 Omnino
802 1699 909 1754 autem
929 1692 1119 1756 Aristotcles
1136 1693 1168 1757 in
1185 1694 1292 1781 pueris

135 1797 308 1864 educandis
330 1795 584 1860 mediocritatem
608 1795 694 1860 illam
721 1790 824 1859 teneri
853 1792 936 1876 vult,
966 1817 1049 1883 quae
1073 1807 1121 1860 est
1143 1795 1227 1860 inter
1249 1797 1293 1860 ni·

132 1900 230 1966 mium
252 1910 284 1964 et
305 1921 436 1986 parum:
464 1920 571 1986 neque
599 1896 788 1964 emollienda
811 1919 871 1960 nec
893 1909 1022 1983 praeter
1053 1897 1181 1963 modum
1205 1921 1294 1964 excr-

130 2002 233 2068 cenda
256 2023 326 2068 esse
349 2023 495 2090 corpora,
519 2012 584 2065 tam
608 1999 640 2065 in
661 2022 699 2064 eo
716 2022 778 2087 quo
801 1999 948 2063 homines
972 1998 1013 2062 ad
1037 2000 1100 2064 vim
1124 2001 1239 2066 caloris
1263 2013 1295 2067 et

127 2104 257 2191 frigoris
280 2104 506 2192 perferendam
530 2103 743 2168 adsuefierent
766 2125 863 2190 quam
878 2103 910 2166 in
928 2102 1076 2167 omnibns
1091 2105 1187 2168 rebus
1211 2129 1294 2193 quae

128 2207 170 2274 ad
194 2208 338 2295 corporis
362 2207 643 2296 membrorumque
671 2228 857 2294 prosperam
888 2204 1102 2270 valetudinem
1135 2230 1171 2270 ac
1200 2208 1293 2272 firmi·

130 2321 230 2376 tatem
260 2311 408 2376 valerent
439 2310 535 2394 (iba
558 2311 596 2376 18
619 2333 684 2397 sq.:
713 2304 905 2375 πάντα...
929 2303 1184 2390 baudemundo).
1231 2311 1293 2374 Na-

130 2424 244 2496 turam,
268 2415 443 2480 tenacitate
467 2436 665 2502 oppressam,
688 2413 787 2478 nimia
803 2411 1004 2499 indulgentia
1019 2412 1238 2498 languescere.
1255 2449 1293 2462 *-

136 2514 299 2594 Quantum
322 2540 399 2583 vero
423 2518 526 2583 omnis
550 2517 646 2581 animi
671 2515 844 2599 contentio,
869 2537 952 2604 quae
971 2514 1131 2580 inmatura
1148 2515 1293 2581 videatur

135 2641 202 2684 esse
224 2641 331 2708 neque
353 2618 414 2685 nisi
437 2620 555 2686 damno
572 2618 670 2683 validi
686 2618 829 2706 corporis
850 2617 919 2683 fieri
936 2641 1039 2705 posse,
1063 2619 1148 2684 baud
1166 2618 1293 2706 quidem

131 2721 247 2787 iniuria
283 2723 498 2810 vituperatur,
534 2731 657 2788 tantum
691 2723 811 2788 Noster
843 2745 883 2788 ex
912 2722 974 2787 alia
1009 2721 1133 2786 ratione
1161 2722 1293 2787 modicis

131 2825 419 2891 exercitationibus
442 2825 487 2890 uti
512 2827 715 2893 commendat
731 2837 762 2890 et
778 2849 874 2913 quam
897 2825 1036 2890 maxime
1058 2824 1197 2890 ludendo
1220 2825 1294 2907 (1.1.

132 2950 153 2992 a
172 2930 215 2992 23
231 2951 316 3016 sqq:
346 2929 399 2995 δεῖ
417 2921 579 3016 τοσαύτης
604 2925 775 3014 τυγχάνειν
802 2925 963 3018 κινήσεως
991 2925 1076 2994 ὥστε
1098 2922 1294 3016 διαφεύγειν

132 3030 191 3118 τήν
215 3025 333 3120 ἀργίαν
353 3035 419 3098 τῶν
435 3027 611 3115 σωμάτων·
635 3025 677 3121 ἣν
693 3031 754 3123 χρὴ
772 3029 1036 3119 παρασκευάζειν
1050 3031 1106 3098 καὶ
1123 3026 1165 3098 δι’
1184 3024 1294 3098 ἄλλων

135 3133 287 3224 πράξεων
308 3137 365 3202 καὶ
387 3136 446 3204 διὰ
469 3139 528 3224 τῆς
550 3137 720 3219 παιδιᾶς).
760 3135 998 3214 Quaerentibus
1023 3146 1128 3201 autern
1153 3158 1209 3200 cur
1233 3137 1293 3199 bac

137 3240 168 3304 in
190 3250 281 3326 parte
313 3249 478 3329 tantopere
510 3251 598 3305 certa
625 3239 782 3328 quaedam
813 3240 939 3328 singula
968 3261 1157 3326 persequar,
1188 3263 1227 3304 ex
1256 3240 1294 3303 iis

136 3364 220 3429 quae
239 3355 419 3431 sequuntur
443 3367 539 3410 causa
562 3343 694 3432 patebit.
718 3379 759 3390 -

223 3551 272 3614 16.
297 3549 425 3617 Ludum
443 3545 619 3635 (παιδιάν)
637 3551 827 3616 Aristoteles
851 3549 891 3615 ad
916 3573 1030 3639 pueros
1053 3549 1135 3616 bene
1159 3550 1294 3615 educau-

131 3652 192 3718 dos
215 3654 383 3741 permagni
407 3675 478 3718 esse
499 3655 651 3720 momenti
676 3654 837 3720 existimat
859 3652 896 3736 (l.
913 3653 935 3718 1.
952 3675 972 3717 a
989 3654 1145 3740 26-3·1);
1180 3677 1238 3719 nec
1262 3654 1293 3718 id

131 3757 265 3845 quidem
288 3756 355 3821 eius
377 3756 494 3844 ipsius,
530 3759 616 3842 dico,
650 3758 760 3824 ludere
788 3756 918 3823 ludendi
946 3779 1057 3840 causa,
1091 3757 1146 3822 sed
1174 3757 1294 3822 idcirco

131 3857 221 3946 quod
245 3882 339 3948 quam
362 3861 501 3926 maxime
526 3863 632 3927 valeat
654 3860 694 3926 ad
717 3861 888 3926 humanam
913 3861 1010 3925 totius
1031 3860 1168 3926 hominis
1193 3861 1295 3925 erudi·

132 3964 257 4027 tionem
273 3973 304 4027 et
321 3965 477 4030 culturam
501 3965 557 4048 (cf.
575 3965 651 4030 Etb.
667 3965 709 4030 N.
733 3965 776 4048 X,
793 3964 823 4028 6.
850 3963 955 4028 1170b
972 3967 1070 4052 sqq).
1089 4001 1126 4012 -
1145 3959 1295 4047 (παίζειν

132 4059 169 4132 δ’
196 4060 290 4146 ὅπως
311 4061 497 4158 σπονδάζῃ,
520 4062 589 4135 κατ’
608 4061 815 4156 Ἀνάχαρσιν,
839 4063 954 4156 ὀρθῶς
976 4062 1060 4150 ἔχειν
1082 4068 1189 4150 δοκεῖ)
1199 4070 1236 4150 ³).
1254 4107 1294 4116 ·-

134 4231 341 4246 *ἡ

212 4321 230 4386 ¹)
250 4321 290 4374 Cf·
301 4322 317 4384 ξ
330 4323 371 4379 13.

211 4409 231 4476 ⁷)
249 4411 287 4462 (11.
300 4412 384 4472 Plato,
397 4412 429 4464 de
440 4412 510 4481 legg.
524 4430 550 4480 p.
563 4411 767 4468 tela-ttae.

212 4499 232 4564 ³)
251 4498 290 4550 Gt.
305 4499 362 4551 eth.
377 4501 407 4554 N.
423 4499 481 4568 vn,
495 4501 519 4555 8.
539 4499 630 4556 1150o
643 4499 691 4567 173
710 4502 765 4553 Pol.
781 4502 812 4568 V,
822 4500 848 4555 3.
869 4499 937 4556 1337
944 4500 957 4548 1
970 4501 1006 4556 29
1017 4518 1073 4570 sqq.
