3156 5246
550 1849 668 1918 PARS
691 1849 876 1916 TERTIA.

382 2012 429 2075 De
450 2013 576 2078 ratione
598 2009 793 2074 educationis
814 2007 1040 2072 intellectualis.

218 2168 270 2232 33.
294 2165 540 2252 Intellegentiae
556 2175 630 2233 sunt
647 2163 791 2230 doctrina
806 2185 844 2227 ac
860 2160 1039 2248 discipline,
1063 2183 1146 2251 quae
1162 2164 1292 2230 tertium

127 2268 287 2352 efficiunt,
311 2291 374 2356 quo
398 2268 447 2333 vir
469 2269 571 2334 bonus
594 2278 627 2335 et
641 2267 794 2332 honestus
809 2265 879 2330 fieri
895 2273 1003 2352 potest
1013 2265 1049 2347 ¹).
1072 2303 1113 2312 —
1133 2265 1193 2330 Est
1208 2265 1292 2332 enim

126 2395 290 2438 summum
307 2369 506 2458 aliquidque
522 2371 616 2436 homo
632 2368 847 2434 animantibus
863 2365 1010 2432 omnibus
1027 2379 1177 2454 praestat,
1193 2392 1292 2454 mens,

126 2472 245 2557 dicam,
270 2482 302 2538 et
323 2472 504 2538 intellectus
527 2473 629 2555 (νοῦς,
652 2467 814 2558 λόγος)’),
839 2492 876 2536 co
891 2470 1040 2536 nimirum
1063 2471 1227 2557 cogitandi
1248 2473 1292 2539 fa-

128 2577 250 2659 cultas,
281 2596 347 2664 quo
374 2574 552 2641 excolenda
581 2575 607 2640 is
631 2598 713 2641 unus
742 2575 866 2640 discere
888 2583 1011 2662 potest,
1041 2577 1095 2662 qui
1118 2576 1293 2642 exercitate

127 2677 257 2766 agendo
288 2671 475 2765 (πράττων)
498 2676 531 2742 id
553 2677 640 2764 quod
662 2687 787 2744 rectum
817 2687 865 2742 est
887 2671 1066 2766 (ὀρθότην)
1098 2687 1131 2742 et
1153 2679 1292 2765 cogitate

127 2781 378 2868 contemplando
402 2781 573 2870 (θεωρῶν)
597 2778 630 2844 id
654 2781 740 2869 quod
756 2802 867 2846 verum
891 2791 939 2846 est
962 2773 1162 2868 (ἀλήθειαν)
1185 2783 1292 2848 animo

126 2885 290 2973 concipiat
305 2884 391 2967 (Pol.
405 2884 464 2970 IV,
480 2885 529 2951 13.
550 2883 655 2950 1332o
671 2885 691 2950 3
708 2907 771 2972 squ
793 2877 897 2968 μόνον
911 2882 973 2974 γὰρ
989 2881 1055 2968 ἔχει
1070 2881 1187 2972 λόγον)
1197 2887 1234 2970 ⁸).
1255 2925 1290 2936 --

125 2987 202 3054 Hoc
225 2987 353 3052 demum
376 2997 523 3076 respecto
546 2987 687 3055 omniurn
710 3009 826 3070 rerum,
851 3009 933 3075 quae
957 3000 988 3053 et
1011 2989 1105 3055 aliter
1127 2989 1185 3074 (coi
1200 2988 1292 3059 ἕνδε-

123 3085 253 3176 χόμενα
268 3089 326 3158 καὶ
340 3081 465 3173 ἄλλως)
490 3100 521 3156 et
543 3114 626 3179 quae
641 3115 706 3158 non
725 3091 818 3156 aliter
833 3089 890 3173 (ul
906 3087 1103 3175 ἐνδεχόμενα
1118 3093 1164 3181 μή
1181 3086 1292 3176 ἄλλως

125 3189 230 3278 ἔχειν)
254 3217 288 3262 sc
310 3194 429 3260 habere
452 3204 595 3283 possunt,
608 3223 610 3227 ⁴
621 3194 798 3260 communis
815 3205 864 3262 est
881 3219 899 3260 a
914 3197 1073 3284 principio
1091 3197 1183 3278 ratio,
1209 3221 1292 3284 quac

124 3308 297 3385 utramque
320 3295 352 3361 in
373 3306 509 3384 portem,
533 3298 772 3387 provoluntate
795 3297 837 3364 ad
860 3298 1102 3364 deliberandum
1127 3299 1289 3385 (loyconc-

125 3394 197 3482 κόν,
219 3393 459 3485 βουλευτικόν),
483 3423 542 3487 pro
559 3401 741 3488 cognitione
757 3402 796 3467 ad
813 3400 977 3469 sciendum
1002 3395 1291 3488 (ἐπιστημονικόν)

126 3527 203 3570 cum
226 3515 302 3591 apte
324 3501 374 3583 sit,
398 3502 507 3569 itidem
529 3526 649 3590 genere
673 3504 864 3570 discernitur
880 3513 912 3567 et
932 3503 1164 3588 nominatur⁴).
1182 3543 1218 3554 -
1239 3509 1290 3574 Ex

126 3608 190 3672 hac
211 3605 310 3692 igitur
332 3605 454 3671 ratione
478 3616 526 3671 est
549 3629 661 3690 unum,
690 3629 752 3694 quo
782 3599 903 3693 (λόγῳ)
934 3614 966 3670 et
993 3606 1119 3691 agendo
1147 3609 1290 3676 volentes

126 3717 164 3774 et
183 3707 433 3796 contemplando
456 3708 592 3775 scientes
616 3731 865 3792 commovemur,
885 3747 922 3756 -
946 3706 984 3775 τὸ
1009 3705 1097 3776 diosc
1114 3747 1150 3759 -
1168 3712 1200 3778 id
1225 3714 1291 3802 qui-

127 3809 259 3876 demin
282 3834 347 3899 quo
369 3833 465 3875 cause
488 3811 632 3877 consistit
655 3813 797 3878 officiens
822 3807 922 3896 (teo
944 3805 964 3899 ἡ
988 3807 1140 3900 κίνησις),
1164 3817 1289 3884 essendi

128 3922 165 3982 et
186 3911 412 4001 cognoscendi,
436 3922 471 3978 ut
486 3913 581 4000 logici
600 3913 719 3998 dicunt,
743 3914 935 4003 principium
960 3910 1090 4004 (ἄρχή)ε
1112 3919 1186 3985 hinc
1206 3921 1288 3988 enim

129 4017 173 4084 ad
198 4040 353 4086 summam
377 4014 515 4104 denique
538 4017 792 4105 intellegentiam
817 4042 907 4085 mens
927 4019 1068 4086 humana
1084 4033 1116 4088 et
1131 4023 1289 4111 proficisci

205 4288 224 4356 ¹)
244 4289 282 4343 Gt
295 4291 311 4354 ξ
323 4290 348 4345 9.

204 4375 420 4444 Ἷᾱῆἰη

204 4461 224 4531 ³)
244 4464 283 4518 Of.
296 4466 328 4518 de
340 4481 382 4519 on.
394 4465 442 4530 ΠΙ,
455 4462 486 4530 4;
504 4464 564 4518 Rth.
578 4464 609 4518 N.
623 4463 668 4530 VI,
681 4463 708 4520 2.
726 4465 818 4524 neca
830 4467 865 4524 26
877 4484 948 4538 sqq-3
967 4469 1009 4526 10.
1028 4468 1119 4527 114212
1132 4471 1148 4526 7
1160 4487 1216 4538 sqq.

205 4555 226 4619 ⁴)
245 4555 285 4606 De
297 4569 339 4606 sn.
352 4555 369 4606 1.
383 4554 400 4608 1.
416 4552 499 4622 (tete
512 4553 639 4620 23-29);
659 4555 720 4608 noh.
732 4558 763 4611 N.
776 4557 794 4609 l.
807 4557 825 4611 1.
839 4557 1034 4614 1139o5-15.
