3156 5246
792 415 999 478 ..90-

319 593 448 682 staturas
476 597 604 650 nostrae
635 596 805 670 cognatum
829 584 949 672 aliquid
973 581 1158 671 (συγγένειά
1179 593 1261 669 τις),
1291 587 1376 654 unde
1401 611 1477 652 cum

320 696 475 752 consonet
496 697 653 754 commoto
670 689 865 754 audientium
882 687 1047 769 inanimo,
1072 689 1191 755 similes
1213 690 1306 756 nobis
1321 689 1479 754 incedant

318 788 464 856 adfectus
485 784 718 873 (συμπάθεια)
742 802 774 856 et
789 791 884 854 animi
907 790 1105 872 agitationes,
1129 792 1217 856 velut
1238 803 1341 858 metus
1364 801 1400 856 et
1424 794 1479 856 mi·

318 892 491 958 scricordia
513 891 620 976 (ἕλεος
640 893 697 960 καὶ
719 887 857 980 φόβος)
885 890 988 978 δῆλον
1012 891 1053 962 ,δὲ
1074 889 1108 958 έν
1136 897 1202 961 τῶν
1229 890 1342 980 ἔργων·
1369 919 1478 977 μετα-

317 990 485 1079 βάλλομεν
512 994 573 1082 γάρ
599 994 659 1084 τὴν
685 995 795 1086 ψυχὴν
823 989 1029 1080 ἀκροώμενοι
1057 991 1229 1062 τοιούτων.
1274 999 1377 1062 Facta
1406 1000 1478 1086 ipsa

317 1122 387 1164 rem
409 1098 587 1164 declarant:
611 1100 688 1164 talia
711 1102 796 1164 enim
819 1098 871 1162 ubi
895 1097 1051 1177 audimus,
1075 1098 1253 1166 animorum
1269 1099 1306 1162 fit
1323 1099 1355 1162 iu
1380 1098 1477 1162 nobis

318 1199 523 1268 commutatio
547 1203 603 1283 (cf.
624 1201 645 1264 l.
664 1201 687 1266 l.
709 1202 823 1266 134οο
837 1200 970 1281 8-21).
995 1237 1032 1248 -
1059 1200 1138 1266 Inde
1160 1225 1200 1266 cx
1224 1200 1477 1268 commutatione

318 1303 421 1368 altera
442 1302 534 1368 nobis
556 1313 671 1369 natura
692 1302 835 1388 gignitur
862 1298 1051 1386 (ἐθισμός)
1078 1303 1305 1368 imitationibus
1333 1303 1476 1388 pueriles

308 1391 416 1472 *animi
439 1403 532 1470 valde
554 1414 724 1470 moventur
735 1405 769 1485 ¹).
803 1405 944 1470 Imitatio
967 1415 1072 1468 autern
1097 1429 1168 1470 cum
1186 1404 1288 1469 omnis
1304 1427 1347 1470 ex
1361 1405 1474 1470 Nostri

319 1509 479 1574 sententia
501 1507 577 1572 artis
601 1507 731 1594 propria
753 1507 795 1570 sit
817 1507 1045 1588 (Postlla),
1069 1517 1136 1572 tum
1161 1507 1191 1572 in
1216 1507 1292 1592 ipsis
1314 1506 1423 1570 modis
1447 1519 1476 1570 et

320 1610 466 1676 cantibus
489 1633 613 1676 morum
636 1609 745 1673 insunt
766 1609 956 1674 imitationes
978 1605 1169 1696 (μιμήματα
1191 1611 1256 1674 τοῖν
1278 1603 1388 1695 ἠθῶν.
1413 1610 1434 1673 1.
1455 1611 1473 1672 l.

320 1713 428 1778 134οσ
444 1713 513 1792 38).
543 1713 580 1758 ’-
609 1710 696 1790 Quid
718 1711 838 1795 igitur?
869 1714 1004 1792 musica,
1033 1723 1068 1776 nt
1089 1713 1129 1776 sit
1152 1705 1296 1778 omniunt
1315 1732 1473 1776 consensu
1547 1745 1548 1792 γ

318 1813 563 1893 iucundissima,
596 1811 629 1878 et
654 1825 735 1898 pura
763 1810 865 1902 (ψιλή
894 1817 924 1879 h.
948 1837 974 1878 c.
1001 1817 1133 1880 materia
1154 1815 1222 1879 fere
1249 1815 1411 1898 privata),
1444 1825 1472 1878 et

320 1940 439 1984 canora
471 1914 570 1998 (μετὰ
598 1911 796 2002 μελῳδίας),
830 1941 926 2004 quam
959 1917 1099 1982 maxime
1126 1927 1158 1981 et
1189 1917 1305 1982 idonea
1337 1917 1467 1992 videtur,

269 2049 272 2062 ¹
318 2043 383 2107 qua
399 2039 577 2106 ,puerorum
605 2019 701 2082 animi
730 2017 770 2082 ad
799 2020 899 2084 libere
927 2041 961 2084 se
989 2032 1021 2082 et
1048 2019 1164 2084 decore
1191 2017 1419 2084 delectandum
1440 2033 1464 2080 ct

320 2122 361 2188 ad
388 2130 478 2186 recte
505 2119 689 2186 faciundum
722 2121 959 2188 inflammentur
990 2123 1045 2205 (cf.
1066 2121 1110 2184 ib.
1135 2121 1244 2186 1339b
1264 2123 1306 2184 20
1325 2143 1373 2206 sq.
1407 2120 1467 2184 coll.

293 2277 294 2280 η
320 2224 430 2290 134οδ
448 2225 502 2288 12:
526 2218 556 2290 ei
577 2222 615 2290 δὲ
636 2225 736 2290 τοῦτο
758 2220 899 2291 δυ’ναται
922 2229 1042 2302 ποιεῖν,
1066 2224 1168 2310 δῆλον
1189 2218 1243 2290 ὅτι
1264 2222 1469 2307 προσακτέον

317 2326 375 2394 καί
394 2325 595 2394 παιδευτέον
617 2321 651 2392 ἐν
674 2321 758 2414 αὐτῇ
778 2330 856 2406 τοῦς
877 2327 1000 2409 νέους).
1018 2365 1054 2373 -
1078 2326 1215 2405 Deinde,
1233 2363 1268 2372 —
1287 2337 1322 2390 ut
1345 2349 1387 2390 ex
1410 2327 1469 2390 uni·

319 2428 497 2494 ramalibus
526 2427 567 2492 ad
594 2428 768 2513 singularia
796 2429 954 2517 quaedam
981 2430 1082 2512 inagis
1113 2427 1344 2513 procedamus,
1369 2465 1411 2476 —
1437 2429 1467 2490 in
1548 2421 1549 2498 ζ

321 2531 463 2596 moribus
490 2538 523 2594 ct
551 2530 782 2596 cousuetudine
815 2532 893 2596 nihil
919 2533 1039 2597 Noster
1066 2529 1226 2617 antiquius
1255 2529 1351 2594 babet
1375 2553 1464 2616 quam
1548 2513 1549 2570 l

321 2633 399 2699 illud
427 2631 481 2714 (τὰ
508 2629 629 2719 κρίνειν
652 2626 766 2719 ὀρθῶς
792 2631 913 2700 καὶτὸ
939 2630 1067 2719 χαίρειν
1088 2638 1158 2710 τοῖς
1183 2628 1346 2700 ε’πιείκεσι
1366 2624 1462 2718 ἤθεσι
1549 2626 1550 2638 ’

318 2734 375 2804 καί
398 2739 472 2814 ταῖς
494 2737 609 2815 καλαῖς
639 2730 800 2821 πράξεσιν
823 2734 959 2800 ibrclb
977 2737 1055 2823 sq),
1085 2745 1119 2800 ut
1151 2734 1190 2798 de
1218 2737 1300 2822 aptis
1318 2735 1407 2798 rebus
1427 2743 1457 2796 et

320 2849 404 2924 apte,
426 2841 446 2902 i.
462 2859 489 2904 e.
513 2838 628 2904 decorc
649 2849 681 2904 et
700 2851 802 2918 recte,
826 2839 938 2902 lactari
955 2849 987 2902 ct
1002 2849 1089 2902 recte
1106 2837 1288 2902 discernere
1302 2835 1458 2924 possimus.
1549 2901 1550 2910 ς

321 2937 428 3016 Quem
451 2940 491 3004 ad
507 2940 603 3006 finem
626 2943 706 3023 (τῶν
721 2939 822 3026 ἔργων
837 2938 950 3026 κριταῖς
966 2939 1124 3025 γενέσθαι
1139 2935 1359 3020 σπουδαίους)
1377 2937 1463 3025 puori

318 3064 384 3108 non
407 3041 501 3108 modo
525 3043 685 3110 auditores
709 3039 957 3131 (ἀκροώμενοι),
979 3065 1091 3106 verum
1109 3045 1203 3106 etiam
1220 3064 1323 3128 usque
1345 3041 1386 3104 ad
1407 3062 1468 3104 cer·

320 3155 387 3217 tam
410 3144 570 3232 quandam
602 3148 773 3212 exercendi
804 3146 1061 3231 diiudicandique
1088 3145 1271 3208 facultatem
1301 3145 1469 3226 (1341ao

321 3248 408 3335 sqq.)
431 3247 492 3333 ipsi
514 3256 639 3312 actores
662 3247 742 3314 fiant
769 3246 869 3331 (ὥστε
891 3246 947 3313 καί
969 3251 1136 3314 κοινωνεῖν
1156 3247 1221 3310 τῶν
1244 3241 1362 3330 ἔργων)
1384 3269 1470 3333 opor·

320 3360 405 3432 tere,
431 3371 548 3435 nempe
572 3374 674 3437 usquc
697 3373 734 3416 eo
757 3375 820 3438 quo
842 3350 987 3416 liberalia
1009 3359 1107 3436 atque
1128 3348 1269 3432 ingenua
1291 3351 1473 3435 pertineant

320 3463 353 3518 et
368 3451 453 3518 unde
468 3452 623 3538 incipiant
635 3456 819 3518 necessaria
835 3465 933 3540 atque
948 3450 1117 3516 illiberalia
1131 3445 1342 3533 (βάναυσον).
1376 3452 1472 3529 Hinc,

321 3567 483 3650 tamquam
512 3577 554 3620 ex
577 3557 752 3621 honestatis
780 3576 944 3635 mensura,
973 3555 1084 3638 pulcre
1110 3555 1317 3639 operantibus
1339 3554 1423 3620 fines
1446 3565 1474 3616 et

319 3656 448 3739 termini
469 3657 699 3744 panguntur²).
736 3657 1074 3740 (Of.1.l.1eroo3o:
1098 3653 1156 3722 διὰ
1178 3657 1275 3722 τοῦτο
1295 3653 1355 3741 χρὴ
1380 3657 1474 3733 νέους

318 3751 500 3842 μένιῖίντας
524 3763 673 3846 χρῆσθαι
698 3765 767 3838 τοῖς
794 3757 919 3847 ἔργοις,
949 3755 1191 3844 πρεσβυτέρους
1217 3757 1255 3826 δέ
1281 3759 1475 3842 γινομένους

320 3865 386 3928 τῶν
405 3862 466 3946 μὲν
487 3857 589 3948 ἔργων
614 3858 797 3951 ἀφεῖσθαι,
827 3858 1000 3930 δύνασθαι
1028 3860 1066 3928 δέ
1093 3859 1134 3926 τοὶ
1163 3859 1248 3928 καλὰ
1275 3858 1397 3948 κρίνειν
1422 3859 1474 3928 καί

318 3961 446 4050 χαίρειν
468 3960 582 4054 ὀρθῶς
603 3965 662 4034 διὰ
684 3965 743 4052 τὴν
764 3961 915 4052 μάθησιν
936 3961 995 4052 τὴν
1017 3963 1192 4050 γενομένην
1214 3962 1248 4032 ἐν
1269 3968 1311 4054 τῇ
1333 3965 1473 4052 νέοτητι.

322 4067 393 4132 coll.
411 4069 519 4134 1341ο
536 4071 574 4134 13
590 4071 678 4155 sqq.)
717 4069 855 4151 Virtute,
878 4066 1083 4134 exercitando
1100 4067 1181 4132 benc
1196 4069 1342 4154 perlecta
1365 4066 1472 4152 (ἕξις),

394 4319 412 4384 ¹)
431 4321 468 4371 Cf.
483 4321 514 4380 ἐξ
529 4318 600 4370 lbet
614 4318 645 4370 17
660 4319 741 4382 (Post.
754 4317 780 4380 4,
795 4315 883 4370 laeso
897 4318 945 4380 20;
964 4317 1038 4368 Rhet.
1053 4313 1128 4380 1,11.
1149 4315 1238 4370 1371δ
1251 4317 1269 4370 4
1282 4335 1336 4384 sqq.
1352 4321 1411 4370 coll.
1425 4320 1442 4368 l.
1456 4318 1471 4366 l.

320 4409 376 4460 1³01.
389 4409 421 4472 V,
434 4406 452 4460 5
464 4405 550 4468 extu).

394 4495 413 4556 ²)
433 4493 470 4544 cl.
485 4491 554 4554 325,
