3156 5246
751 425 982 489 ..100-

294 593 415 678 Causa,
438 597 524 664 unde
545 597 737 683 gignuntur,
763 595 839 660 inde
861 615 1036 660 execres
1059 600 1295 680 cognoscantur
1312 614 1454 658 necesse

294 707 343 762 cst
364 701 423 782 (ἓξ
437 699 481 766 34
494 701 571 787 sq.),
593 721 700 786 neque
719 707 785 764 tam
802 691 859 762 ‘ex
881 691 989 777 detis’,
1008 708 1046 762 ut
1064 695 1178 762 Kentii
1198 694 1306 761 verbis
1326 704 1408 760 utar
1419 695 1455 778 ¹),

294 821 391 886 quam
419 795 478 868 ‘ex
505 795 682 890 principiis²
711 824 802 868 suam
828 801 890 866 sibi
917 799 1133 886 coguitionem
1157 807 1250 885 paret
1277 819 1370 862 mens
1398 799 1456 866 hu·

293 923 390 966 mann
421 905 458 985 (ξ
476 903 518 969 38
542 898 617 991 sq.).
666 904 752 970 Nam
779 902 841 968 nisi
871 901 947 966 inde
976 924 997 967 a
1023 899 1190 988 principiis
1217 900 1456 988 cognoscendis

295 1000 347 1084 (ἐκ
368 1005 436 1070 τῶν
454 999 595 1094 ἀρχῶν),
621 1029 695 1071 cum
716 1027 780 1072 una
807 1025 953 1092 quaeque
980 999 1124 1086 (ἐκτῶν
1150 995 1291 1069 ἑκάστου
1311 997 1454 1088 ἀρχῶν),

295 1115 365 1171 tum
387 1108 528 1174 omnium
551 1131 675 1176 summa
692 1107 827 1172 scientia
848 1102 1033 1194 (ἐπιστήμη
1050 1100 1071 1194 ἦ
1091 1101 1224 1172 ἐκείνων
1243 1099 1341 1191 κυρία
1367 1101 1455 1171 πάν-

294 1211 376 1290 ιων)
404 1210 474 1276 fieri
500 1233 566 1276 non
587 1220 693 1298 potest
719 1218 754 1275 ut
776 1209 932 1276 efficiatur
960 1211 1040 1291 (An.
1061 1231 1116 1296 po.
1135 1209 1163 1287 Ι,
1184 1209 1205 1272 9
1224 1229 1273 1294 sq.
1297 1209 1454 1291 76n143

296 1311 402 1393 nl'l):
423 1311 563 1400 καὶγὰρ
584 1308 763 1380 ἐπίσταται
788 1311 916 1394 μᾶλλον
944 1304 964 1377 ὁ
991 1309 1027 1377 ἐκ
1051 1313 1118 1377 τῶν
1143 1305 1307 1397 ἀνώτερον
1332 1306 1453 1376 αἰτίων

296 1407 409 1492 εἰδώς·
431 1413 467 1481 ἐκ
487 1419 553 1482 τῶν
574 1415 745 1506 προτέρων
764 1412 826 1502 γὰρ
843 1405 942 1494 uider,
967 1407 1048 1478 ὅταν
1066 1410 1104 1480 ἐκ
1123 1409 1169 1498 μή
1193 1407 1357 1478 uictoriis
1380 1409 1453 1502 εἰδῇ

296 1511 453 1601 uiriwv').
486 1519 657 1584 Intellecta
672 1528 780 1584 autem
795 1517 903 1600 (νοῦς)
918 1514 1072 1582 scientiae
1087 1515 1280 1603 principium
1296 1513 1452 1604 (ἐπισκή-

295 1641 360 1706 νος
381 1614 479 1707 dext>
500 1623 656 1688 habemus
679 1623 715 1703 (t
730 1613 835 1702 42)³)ss
859 1655 897 1666 -
1405 1682 1411 1692 .

382 1723 540 1788 Distinxit
552 1723 741 1788 Aristoteles
762 1721 833 1801 tria,
854 1720 966 1800 nteit,
989 1719 1196 1788 scientiarum
1217 1723 1452 1810 (contemplati-

296 1825 426 1906 varum)
441 1847 573 1910 genera.
609 1825 676 1890 Res
690 1823 856 1889 notissime
871 1831 920 1887 est
935 1821 1030 1907 (Met.
1046 1822 1109 1904 XI,
1124 1823 1154 1887 7.
1181 1825 1287 1891 1064b
1307 1825 1360 1907 1):
1381 1821 1451 1912 ιρίο

297 1924 377 2010 γένη
387 1928 453 1991 τῶν
463 1929 678 2012 suspectum
688 1923 878 2011 ἐπιοτημῶν
889 1920 969 2003 ἐστι’,
982 1919 1116 2012 φιοική,
1130 1921 1364 2012 μαθηματική,
1375 1933 1449 1994 θεο-

298 2022 416 2116 λογική
426 2027 463 2111 ⁴).
484 2067 526 2078 -
549 2029 695 2108 Quorum
716 2051 817 2094 uuum
839 2027 925 2115 quod
946 2029 1076 2111 attinet,
1104 2027 1286 2114 physicam,
1310 2031 1444 2094 conside·

298 2131 416 2196 randas
439 2130 500 2196 sibi
521 2151 702 2218 proponere
724 2129 839 2195 dicitur
854 2151 910 2194 eas
931 2151 994 2212 res,
1015 2130 1048 2194 in
1071 2128 1187 2216 quibus
1204 2129 1282 2216 ipsis
1303 2129 1446 2196 movendi

300 2233 384 2298 inest
405 2233 597 2320 principium
619 2233 715 2315 (Met.
736 2232 794 2312 VI,
817 2234 849 2297 1:
876 2225 897 2319 ἡ
926 2227 1007 2320 ἀρχῆ
1029 2233 1088 2319 τῆς
1108 2225 1270 2318 κινήσεως
1294 2231 1356 2299 καὶ
1377 2228 1447 2300 σιά-

300 2357 385 2414 usuc
406 2333 442 2402 ἐν
463 2330 613 2424 αὐτῇὸ).
652 2336 724 2402 Iem
745 2333 911 2416 habemus,
933 2367 975 2380 -
998 2357 1062 2421 quo
1084 2330 1229 2421 κριτικόν
1250 2335 1329 2400 illud
1353 2335 1447 2424 expri-

298 2448 414 2521 matur,
436 2476 479 2490 -
499 2439 534 2503 id
555 2437 641 2526 quod
661 2437 878 2502 necessarium
906 2437 949 2501 sit
969 2437 1011 2502 ad
1034 2437 1292 2524 cognoscendum
1315 2459 1443 2525 corpora

300 2551 332 2606 et
351 2541 591 2628 magnitudines
611 2539 787 2606 secundum
810 2561 921 2604 eorum
942 2537 1085 2606 adiectus
1108 2535 1252 2626 (πάθη),
1275 2539 1442 2627 generatio-

298 2667 373 2710 nem
396 2654 429 2708 et
448 2644 691 2724 incrementum,
715 2653 837 2706 motum
859 2641 999 2729 denique
1021 2663 1079 2728 per
1100 2651 1226 2730 tempus
1248 2654 1282 2708 et
1301 2643 1438 2730 spatium,

300 2771 373 2814 cum
400 2747 581 2828 audiamus,
614 2767 730 2834 pueros
752 2744 891 2832 primum
920 2747 1007 2810 vires
1031 2765 1141 2809 omnes
1162 2755 1272 2830 patres
1292 2755 1322 2810 et
1339 2742 1434 2808 mulie

194 2865 197 2870 ’
300 2871 352 2914 res
375 2869 594 2935 quascumque
615 2857 733 2914 matres
755 2869 956 2931 nuncupare,
984 2868 1119 2934 quorum
1147 2849 1304 2933 posterius
1322 2846 1437 2912 demum

301 2959 472 3038 utrumque
495 2949 675 3016 discernere
698 2946 895 3036 (διορίζειν)
918 2947 1043 3014 discant
1064 2949 1180 3035 (Phys.
1196 2951 1224 3033 Ι,
1244 2957 1259 3016 1
1277 2960 1357 3016 extr.
1377 2946 1442 3013 coti.

303 3052 344 3118 ds
366 3052 454 3118 eaelo
477 3051 625 3134 I‚1in.).
668 3053 794 3116 Eodem
816 3052 899 3132 loco,
922 3061 958 3115 ut
979 3061 1054 3116 ante
1075 3051 1229 3135 vidimus,
1250 3053 1444 3142 physicarum

301 3154 406 3237 initio,
429 3154 611 3242 progressio
634 3152 829 3235 declaratur,
850 3175 914 3240 qua
935 3153 1011 3219 inde
1032 3154 1134 3220 exiis
1157 3177 1240 3242 quac
1261 3155 1322 3220 sub
1345 3173 1447 3220 sensus

302 3257 422 3324 eadunt
432 3257 473 3322 ad
486 3280 592 3322 rerum
605 3267 753 3322 usturam
766 3255 1033 3344 cognoscendam,
1042 3257 1084 3321 ad
1097 3253 1449 3344 elementaetprincipis

301 3355 355 3442 (ἆκ
374 3362 441 3426 τῶν
461 3356 616 3428 καθόλου
637 3355 697 3427 ἐπὶ
716 3359 759 3427 ad
781 3354 860 3426 καθ’
884 3356 1022 3442 ἕκαστον)
1051 3361 1180 3425 venitur
1201 3361 1257 3444 (ef.
1280 3363 1300 3441 ὃ
1323 3361 1393 3442 39).
1416 3391 1448 3404 -

301 3462 532 3530 Desideramus
554 3485 632 3528 vero
654 3463 686 3528 id
711 3462 796 3550 quod
818 3461 947 3550 proprie
969 3457 1172 3545 διδακτικόν,
1195 3471 1296 3527 artem
1320 3455 1452 3525 docendi

301 3564 335 3630 in
357 3565 406 3631 his
428 3566 525 3632 rebus
555 3565 717 3653 explicare
744 3563 897 3648 debebat,
924 3587 997 3630 cum
1020 3564 1210 3630 Aristoteles
1236 3583 1300 3628 nou
1327 3571 1396 3627 tem
1418 3557 1454 3625 ad

302 3667 381 3734 iliud
403 3667 551 3734 videatur
573 3690 668 3755 quum
692 3676 727 3734 at
746 3666 819 3754 ipsa
838 3689 891 3732 res
913 3669 1104 3754 explanetur
1125 3674 1281 3752 spectare.
1308 3701 1345 3712 --
1369 3664 1454 3730 Haec

216 3776 218 3780 ’
304 3779 411 3838 antem
434 3769 701 3858 quemadmodum
730 3768 892 3834 conciliari
919 3769 1056 3855 possint,
1083 3769 1118 3836 id
1143 3791 1208 3834 nou
1233 3764 1456 3834 nostramet

305 3874 486 3941 accuratius
508 3873 561 3939 hic
584 3872 760 3960 disputare.
783 3909 820 3918 —-

378 4155 397 4221 ¹)
416 4156 496 4223 liant,
515 4160 657 4212 Methodol.
671 4176 692 4212 o.
706 4161 755 4210 111.

377 4244 397 4309 7)
416 4245 454 4296 cf.
468 4247 497 4308 ἐξ
511 4245 547 4300 34
558 4263 597 4312 sq.
616 4245 851 4314 (Trendslenburg,
863 4245 904 4297 El.
917 4245 970 4312 leg.
984 4245 1063 4310 168).

375 4331 395 4396 ³)
414 4333 464 4384 Au.
477 4349 519 4399 pe.
531 4335 567 4398 11,
581 4334 614 4387 19
628 4340 692 4384 extr.
705 4335 765 4386 coll.
778 4333 840 4385 eth.
853 4333 883 4386 N.
898 4333 943 4398 vt,
957 4331 1011 4386 ser
1023 4332 1048 4386 9.

374 4419 395 4483 ⁴)
414 4420 453 4471 ef.
467 4421 532 4472 Met.
545 4421 590 4483 vl,
604 4420 629 4473 1.
649 4421 738 4476 1026«
751 4421 792 4474 18.

377 4506 396 4571 ⁵)
416 4508 456 4558 Gt.
469 4507 550 4575 Phys.
564 4507 599 4569 11,
614 4507 637 4559 l.
