3156 5246
758 417 964 482 ‚53-

285 592 395 660 11430
410 593 444 658 8:
477 588 498 680 ἡ
527 593 588 676 μὲν
610 590 673 679 γὰρ
701 583 862 678 φρόνησις
883 585 1078 677 ἕπιτακτική
1106 589 1209 672 ἐστιν,
1231 588 1273 660 τί
1298 591 1360 682 γὰρ
1388 595 1449 662 δεῖ

285 689 442 781 πράττειν
463 691 485 784 ἢ
506 693 567 785 μή,
594 695 632 762 τὸ
659 694 755 773 τέλος
777 686 879 782 αὐτῆς
907 688 1010 776 ἐστίν)
1023 694 1057 776 ¹).
1090 733 1125 742 -
1158 696 1247 762 Talis
1269 696 1447 783 igiturest

279 799 465 885 prudentia,
492 800 548 865 illa
575 792 767 887 (φρόνησις)
796 819 880 885 quae
907 795 949 860 ad
976 799 1196 882 generandam
1226 799 1376 866 virtutem
1400 823 1445 864 eo

279 901 408 968 maioris
432 903 473 968 sit
494 904 659 984 momenti,
690 925 753 991 quo
775 899 879 986 magio
908 899 1004 964 etiam
1027 901 1161 966 scientia
1181 912 1216 967 et
1239 901 1446 988 experientia

280 1003 411 1068 valeant
439 1005 479 1070 ad
508 1006 652 1074 homiues
679 1008 761 1070 bene
791 1002 974 1068 educandos
1002 1004 1058 1084 (cl'.
1075 1003 1096 1068 l.
1114 1003 1133 1068 l.
1158 1003 1444 1087 1142a14-30).

280 1108 366 1172 Ante
390 1109 496 1175 omnia
519 1111 604 1176 euim
627 1108 659 1172 in
684 1105 885 1194 experientia
907 1105 1011 1188 posita
1041 1114 1090 1170 est
1117 1105 1210 1174 huius
1233 1105 1358 1174 virtutis
1380 1107 1446 1189 vis,

273 1211 479 1296 prudentiae,
504 1211 619 1294 dicam,
643 1234 725 1298 quae
744 1209 791 1274 ad
801 1207 960 1294 agendum
976 1207 1126 1294 pertinet,
1149 1218 1180 1274 et
1199 1209 1327 1296 agendo
1350 1232 1447 1274 exer-

281 1313 446 1401 cendoque
476 1355 518 1364 -
547 1315 699 1402 (πλῆθος
725 1312 787 1400 γὰρ
813 1306 934 1399 χρόνου
961 1309 1141 1399 ποιεῖτὴν
1169 1308 1362 1400 ἐμπειρίαν)
1401 1351 1441 1360 -

280 1425 425 1505 tempore
448 1419 564 1484 crescit
579 1429 675 1506 atque
692 1415 844 1500 augescit.
865 1453 901 1462 -
922 1415 1035 1502 Itaque
1058 1414 1090 1480 in
1113 1417 1173 1480 hac
1196 1435 1324 1503 quoque
1346 1425 1445 1502 parte

278 1519 503 1604 gravissimum
532 1520 652 1609 aliquid
680 1528 711 1584 et
738 1517 868 1583 maximi
897 1517 1047 1604 ponderis
1076 1517 1182 1583 inesse
1210 1517 1317 1601 vides,
1351 1518 1444 1605 quod

280 1645 350 1686 eum
376 1623 416 1688 ad
433 1623 651 1688 definitionem
667 1621 827 1708 pertineat
841 1630 910 1686 tum
930 1619 969 1684 ad
986 1619 1143 1706 originem
1159 1621 1286 1686 virtutis
1301 1631 1442 1708 spectat,

278 1724 323 1790 ita
345 1737 380 1789 ut
402 1726 554 1810 generale
582 1735 614 1789 et
641 1725 803 1810 singulare
831 1722 952 1810 aliquid
980 1745 1044 1787 una
1066 1723 1195 1790 demum
1219 1724 1441 1792 absolvantur.

364 1933 416 1996 32.
451 1931 503 1996 Ex
531 1930 580 1995 his
608 1930 703 1996 rebus
733 1929 874 1994 breviter
902 1928 1110 1996 consideratis
1133 1929 1320 2018 liquet-non
1343 1930 1442 1994 modo

280 2057 377 2121 quam
401 2034 464 2100 sint
485 2032 642 2098 artissime
671 2031 755 2098 inter
784 2055 818 2097 se
846 2033 1035 2110 coniunctae
1062 2025 1285 2118 intellegentia
1312 2043 1345 2097 et
1368 2057 1442 2098 con·

279 2136 427 2219 suetudo,
458 2137 609 2223 cogitatio
638 2145 670 2202 et
697 2136 780 2200 actio
809 2137 884 2216 (hoc
913 2135 996 2200 enim
1025 2135 1090 2200 iam
1118 2145 1214 2200 antea
1240 2159 1259 2200 a
1281 2135 1441 2223 principio

280 2243 484 2307 constitutum
513 2241 611 2321 erat),
641 2239 817 2304 sedetiam
850 2280 886 2293 .-
915 2238 948 2305 id
977 2235 1074 2325 quod.
1090 2237 1187 2322 longe
1215 2236 1301 2303 aliud
1326 2248 1377 2302 est
1400 2277 1437 2286 -

280 2341 356 2429 quid
379 2343 559 2408 accuratius
584 2343 736 2409 momenti
759 2343 877 2408 habeat
901 2340 934 2405 id
958 2338 1045 2427 quod
1067 2348 1115 2405 eet
1137 2332 1236 2426 λόγος
1258 2339 1375 2422 (ratio)
1399 2341 1440 2406 ad

282 2446 542 2533 pertractandam
576 2467 647 2510 eam
681 2467 763 2532 quae
796 2443 889 2509 nobis
927 2443 1091 2531 proposita
1125 2453 1173 2508 est
1190 2445 1437 2530 ,quaestionem

281 2545 469 2625 Quaesitum
498 2559 566 2612 est:
595 2549 755 2636 quomodo
786 2545 834 2610 vir
859 2545 915 2610 fiat
937 2545 1082 2632 probus?
1113 2545 1186 2624 πῶς
1208 2540 1290 2632 ἀνὴρ
1312 2541 1437 2632 γίνεται

154 2661 180 2684 ·“
283 2651 485 2733 σπαυδαῖοςς
518 2650 571 2716 Ad
600 2673 682 2736 quae
710 2649 914 2715 Aristoteles:
947 2642 1077 2734 ἀγαθοί
1106 2673 1142 2735 ys
1168 2648 1225 2714 καὶ
1255 2651 1431 2718 σπουδαῖοι

280 2748 457 2837 γίγνονται
471 2751 529 2820 διὰ
551 2755 662 2839 τριῶν.
690 2749 731 2817 τὰ
753 2746 829 2833 τρία
858 2749 895 2818 δὲ
916 2746 1020 2818 ταῦτά
1050 2749 1121 2818 ἐστι
1148 2747 1250 2839 φύσις
1277 2748 1355 2830 ἔθος
1372 2746 1426 2818 λό-

280 2855 384 2942 γος’).
422 2897 457 2906 -
494 2859 637 2924 Primum
666 2857 742 2920 satis
770 2878 829 2943 pro
861 2864 948 2922 certo
979 2856 1133 2922 habemus
1156 2877 1216 2921 nec
1238 2857 1335 2943 longa
1355 2879 1430 2942 opus

280 2961 340 3026 erit
364 2959 593 3048 disputatione,
621 2959 718 3026 verbo
743 2956 830 3045 quod
852 2969 900 3023 eet
931 2952 1029 3044 λόγος
1055 2983 1120 3024 non
1150 2960 1251 3024 solum
1282 2960 1435 3026 rationem

282 3062 369 3128 illam
386 3055 696 3150 ‘contemplativam’
715 3056 832 3148 (λόγον
848 3057 1071 3150 θεωρητικόν)
1087 3062 1148 3126 hoc
1170 3059 1241 3127 loco
1265 3061 1437 3148 significari

280 3204 315 3212 -
338 3163 372 3228 id
394 3165 480 3253 quod
500 3165 654 3253 suspicari
675 3164 800 3230 licuerit
827 3165 925 3230 verbo
947 3167 1031 3253 quod
1049 3175 1097 3228 est
1112 3165 1233 3254 διδαχῇ
1250 3165 1375 3248 collato,
1400 3204 1434 3213 -

280 3268 336 3332 sed
371 3291 441 3336 eam
477 3269 572 3334 etiem
607 3291 689 3356 quae
723 3267 763 3332 ad
797 3269 959 3354 agendum
993 3268 1153 3355 pertineat
1184 3268 1440 3355 intellegentiam

282 3367 452 3456 (διαναίαν
466 3367 674 3458 πρακτικήν).
709 3370 879 3454 Nimirum,
905 3397 977 3438 cunr
993 3372 1033 3438 ad
1048 3393 1174 3438 morum
1196 3370 1349 3458 virtutem
1371 3381 1441 3436 turn

278 3477 319 3542 ad
341 3476 506 3542 literarum
529 3473 694 3540 seientiam
711 3483 835 3562 spectat
856 3473 1012 3541 institutio
1029 3474 1153 3556 (Poll.
1170 3474 1190 3537 l.
1211 3473 1316 3538 1332t
1334 3473 1440 3554 10)³).

278 3579 322 3645 Et
344 3581 427 3643 sicut
450 3579 490 3641 ab
514 3601 576 3643 uno
599 3578 738 3665 primum
766 3575 981 3664 proficiscitur
1010 3576 1056 3640 sie
1084 3597 1183 3642 unum
1213 3583 1383 3662 utramque
1407 3575 1442 3642 in

280 3692 401 3768 partem
425 3683 574 3769 persequi
602 3681 745 3745 videtur:
776 3681 823 3765 τῷ
850 3678 1021 3768 νομοθέτῃ
1049 3675 1317 3767 πραγματευτέον
1343 3674 1443 3758 ὅπως

279 3777 398 3872 ἅνδρες
425 3779 554 3872 ἀγαθοὶ
580 3780 754 3871 γίγνωνται
781 3783 838 3865 (ib.
863 3784 975 3848 1334a
993 3785 1031 3846 14
1054 3783 1129 3868 sq.).
1183 3782 1376 3867 Legislatori
1407 3784 1440 3848 id

279 3887 453 3956 curandum
476 3898 534 3968 est,
557 3899 591 3952 ut
607 3886 667 3950 viri
684 3886 758 3950 boni
774 3887 862 3954 fiant.
882 3924 917 3934 ν-
939 3884 1026 3950 Loco
1050 3883 1167 3949 deinde
1186 3907 1285 3971 quem
1309 3884 1441 3970 respici·

279 4013 350 4058 mus
372 3991 559 4056 Aristoteles
582 3989 783 4056 notissimum
806 3988 900 4071 illud,
932 3989 1120 4075 bipartitum
1148 4010 1218 4054 esse
1240 3985 1441 4054 intellectum

278 4095 465 4175 humanum,
499 4093 615 4158 iterum
645 4091 809 4179 proponit,
843 4091 979 4159 addens:
1013 4092 1165 4188 quoniam
1198 4088 1311 4159 eodem
1340 4089 1440 4159 medo

351 4346 428 4411 lot.
442 4343 548 4395 devint
563 4344 649 4394 etvit.
668 4343 770 4396 e.2in.

349 4431 492 4498 ’ΝΜ

348 4520 455 4586 ³t5)c
408 4517 501 4582 31
515 4518 573 4570 coll
587 4517 648 4571 eth.
662 4519 693 4572 N
706 4519 740 4586 X,
754 4517 795 4574 10.
815 4518 1036 4592 lltataosqq,
1055 4517 1245 4590 118οιι14ιρ.
