3154 5252
759 415 967 479 ,40-

291 589 459 678 perveniat
488 586 760 670 conscientiam¹).
793 623 832 635 -
867 587 1009 674 Percipit
1042 589 1141 673 enim,
1173 600 1209 656 ut
1237 593 1306 657 aliis
1339 591 1444 656 verbis

292 694 406 774 dicam,
431 716 468 758 ac
485 692 578 758 discit
603 693 696 757 homo
720 715 790 756 sese
806 691 909 778 ipsum
934 714 1006 757 eum
1023 715 1092 758 esse
1108 694 1162 782 qui
1179 695 1305 776 sentiat,
1328 693 1445 777 videat,

292 795 415 879 audiat,
446 795 525 864 sciat
553 795 735 882 cogitetque
766 788 800 878 (ὁ
831 794 869 862 δὲ
896 788 982 884 ὁρῦν
1010 791 1063 862 ὅτι
1087 791 1151 886 ὁρᾷ
1231 800 1370 882 νοοῦμεν
1392 795 1447 865 ὅτι

292 901 442 980 νοοῦμεν.
466 901 505 964 cf.
521 899 598 963 Eth.
614 898 647 963 Ν
651 887 660 962 .“
675 898 735 980 IX,
751 900 781 962 9.
806 900 916 964 117οο
930 900 973 964 29
988 903 1069 987 sq.);
1092 911 1188 988 atque
1212 900 1287 967 dum
1306 902 1445 968 omnium

293 1027 401 1068 rerum
424 1000 622 1067 universitati
651 1023 720 1066 sese
748 1001 853 1088 ipsum
886 1000 1011 1088 agendo
1034 1003 1181 1090 opponit,
1209 1003 1358 1094 transitus
1386 1004 1449 1070 hoc

294 1105 388 1172 modo
411 1105 447 1168 fit
469 1129 488 1168 a
513 1127 609 1168 caeca
630 1104 691 1168 ista
713 1113 847 1169 naturae
864 1105 1071 1171 universitate
1087 1105 1127 1169 ad
1144 1106 1333 1191 singularem
1350 1131 1449 1194 quan-

294 1209 366 1274 dam
389 1208 570 1273 libertatem
594 1217 625 1270 et
648 1204 687 1270 ad
710 1205 827 1271 laetam
851 1207 1019 1295 suiipsius
1043 1209 1280 1276 conscientiam.
1325 1209 1450 1288 Quodsi

293 1311 496 1376 Aristotelem
518 1309 597 1374 locis
619 1308 755 1374 laudatis
778 1321 864 1374 recte
886 1310 1053 1398 intellego,
1083 1335 1134 1376 res
1159 1312 1252 1377 aliter
1275 1336 1308 1377 se
1328 1313 1450 1377 habere

294 1438 356 1479 non
386 1412 504 1500 poterit
532 1433 628 1499 quam
656 1412 741 1499 quod
769 1435 833 1512 pua
858 1414 1003 1500 profecto
1034 1437 1167 1480 necesse
1195 1423 1244 1478 est
1272 1438 1327 1480 sua
1348 1414 1451 1500 ipsius

295 1517 377 1582 actio
414 1541 486 1580 cum
522 1515 569 1580 sui
602 1513 702 1600 ipsius
737 1515 932 1580 conscientia
965 1519 1144 1583 conveniat.
1184 1512 1288 1582 ‘Nihil
1321 1516 1452 1603 quidem

293 1620 407 1685 mentis
437 1628 509 1683 actu
538 1629 587 1682 est
612 1655 655 1663 —
681 1617 737 1682 sed
765 1618 908 1703 potentia
935 1619 1170 1706 quodammodo
1199 1614 1353 1703 (δυνάμει
1375 1613 1450 1696 πώς

294 1718 427 1790 ἐστιτὰ
450 1717 550 1807 νοητὰ
574 1714 592 1786 ὁ
616 1722 707 1803 νοῦς)
730 1757 769 1766 —-
797 1723 885 1809 prius
912 1746 1009 1810 quarn
1038 1718 1217 1809 intellegat³
1253 1718 1451 1811 (ἐντελεχείᾳ

294 1821 401 1908 οὐδέν,
425 1823 502 1912 πρὶν
526 1818 566 1890 dv
588 1825 649 1911 νοῇ
672 1824 712 1887 de
733 1846 783 1892 an,
804 1825 869 1906 III,
892 1826 927 1907 4)
938 1824 975 1906 ²).
994 1863 1035 1872 -
1056 1826 1155 1891 Venit
1173 1851 1192 1890 a
1207 1837 1321 1892 natura
1345 1827 1450 1907 homo,

212 1965 213 1970 1
296 1929 440 1994 sensibus
457 1928 631 2016 praecipue
648 1935 836 2004 commotus.
874 1927 918 1992 Et
942 1952 1013 1992 cum
1037 1951 1070 1992 se
1094 1930 1196 2016 ipsum
1221 1929 1368 1995 omnibus
1383 1950 1450 1994 cae-

295 2032 372 2096 teris
395 2033 491 2096 rebus
515 2027 723 2096 discernendo
746 2039 895 2116 opponat,
919 2030 949 2096 id
966 2032 1103 2118 primurn
1120 2031 1324 2118 cognoscenti
1348 2031 1452 2096 animo

296 2136 464 2222 concipiet,
488 2133 574 2221 quod
597 2131 740 2218 sibiipsi
763 2130 909 2197 videatur
933 2144 987 2198 aut
1009 2134 1182 2200 iucundum
1202 2145 1257 2200 aut
1271 2134 1451 2214 molestum,

295 2239 437 2325 itemque
460 2250 515 2302 aut
536 2237 656 2300 bonum
679 2244 735 2298 aut
756 2234 874 2300 malum
891 2258 970 2319 esse,
993 2235 1146 2302 laetitiam
1171 2237 1298 2304 adferre
1323 2248 1379 2303 eut
1401 2237 1452 2301 do·

295 2342 394 2405 lorem
404 2341 441 2422 ³).
477 2342 591 2426 Itaque
613 2336 669 2402 ubi
691 2349 808 2403 natura
830 2339 928 2403 menti
952 2361 986 2402 se
1003 2341 1105 2420 offert,
1129 2340 1329 2406 educationis
1353 2346 1453 2424 (παι-

296 2439 404 2526 δείας)
441 2452 488 2507 est
515 2439 669 2506 accedere
697 2439 891 2527 artificisque
920 2465 1009 2507 more
1036 2465 1221 2509 mensuram
1249 2453 1281 2508 et
1309 2467 1454 2511 normam

295 2571 392 2612 manu
415 2545 556 2631 gerentis
583 2544 635 2608 hic
663 2543 824 2608 licentiam
847 2543 1043 2633 nimiamque
1066 2555 1257 2634 potestatem
1279 2547 1342 2612 illic
1365 2571 1453 2612 coer-

297 2672 370 2715 cere
393 2658 424 2714 et
446 2657 616 2733 utramque
630 2645 663 2710 in
679 2656 804 2733 partem
824 2647 973 2730 omuibus
989 2649 1084 2713 rebus
1101 2649 1155 2714 tali
1170 2648 1265 2716 modo
1281 2649 1446 2728 moderari,

296 2763 332 2816 ut
354 2751 394 2816 ad
424 2749 563 2836 speciem
591 2770 688 2813 verae
717 2750 939 2830 humanitatis,
976 2751 1031 2815 fini
1061 2752 1224 2840 proposito
1258 2751 1446 2840 aptissimae,

298 2855 418 2942 optumi
440 2851 720 2939 honestissimique
742 2853 1019 2935 hominis-forma,
1050 2879 1113 2921 uno
1137 2855 1233 2921 animi
1258 2864 1288 2920 et
1307 2852 1449 2940 corporis

298 2966 454 3022 concentu
480 2995 515 3002 -
542 2951 688 3044 ἐνεργείᾳ
718 2993 753 3002 -
782 2957 966 3041 perficiatur
997 2951 1032 3040 (d
1059 2957 1121 3041 μὲν
1148 2956 1209 3047 γὰρ
1238 2953 1335 3046 λόγος
1364 2949 1453 3036 εἶδος

297 3063 356 3126 τοῦ
379 3054 588 3146 πράγματος)
598 3061 634 3140 ⁴).
658 3097 698 3106 -—
723 3057 831 3136 Quare
853 3060 1044 3126 Aristoteles
1067 3085 1131 3127 una
1152 3062 1268 3128 iterum
1293 3085 1365 3126 cum
1385 3061 1455 3125 Pla·

296 3174 371 3259 tone
393 3163 484 3244 (Eth.
501 3163 542 3226 N.
558 3162 603 3244 II,
620 3163 649 3225 2.
674 3162 780 3226 1104b
798 3163 838 3226 10
854 3161 933 3250 sq‡):
957 3164 1100 3230 homines
1122 3174 1270 3250 oportere
1292 3187 1330 3229 eo
1347 3164 1476 3229 statim·

298 3292 317 3332 a
339 3267 445 3353 pueris
469 3259 587 3346 (atoue
610 3258 645 3330 ἐκ
668 3261 764 3346 νέων)
795 3265 1030 3353 quodaminodo
1054 3266 1118 3331 sint
1145 3266 1321 3332 adsuefacti
1346 3278 1377 3333 et
1404 3267 1458 3332 ad·

298 3370 466 3436 suetudine
490 3367 628 3451 adducti,
652 3379 686 3434 ut
708 3369 745 3433 iis
768 3369 865 3434 rebus
889 3370 1011 3457 quibus⁴
1028 3370 1141 3435 deceat
1163 3360 1232 3453 (οἷς
1249 3369 1315 3452 δεῖ)
1336 3371 1460 3436 laeten-

299 3485 350 3540 tur
373 3483 405 3537 et
428 3471 568 3537 doleant:
596 3471 678 3537 hanc
706 3471 790 3538 enim
817 3482 938 3537 rectam
966 3496 1035 3538 esse
1065 3465 1100 3560 (ἦ
1126 3466 1213 3560 ὀρθὴ
1242 3469 1400 3557 παιδεία)
1426 3485 1460 3541 et

300 3575 522 3642 educationem
545 3585 577 3640 et
596 3575 828 3642 institutionem
840 3576 877 3656 ⁵).

300 3776 499 3786 ——--—

373 3887 390 3952 ¹)
410 3889 447 3939 uf.
468 3889 498 3939 de
517 3907 558 3942 an.
572 3891 616 3954 lll,
629 3890 645 3942 9
658 3891 710 3952 in.;
731 3889 772 3943 10.
791 3887 865 3943 433a
880 3888 926 3953 16;
946 3890 987 3942 11.
1000 3888 1074 3944 434a
1089 3891 1121 3944 17
1135 3909 1190 3960 sqq.
1210 3893 1269 3946 coll.
1284 3893 1316 3944 de
1327 3897 1401 3944 motu
1413 3910 1460 3944 an.

301 3994 322 4028 c.
337 3977 359 4028 7.
374 3977 458 4042 (tuln
473 3978 512 4043 7);
526 3979 585 4029 Eth.
599 3979 630 4030 N.
644 3978 687 4040 VI,
703 3976 746 4032 11.

373 4066 392 4130 ⁴²)
411 4067 449 4116 Cf.
463 4065 677 4134 Trendelenburg
691 4084 712 4117 a.
726 4068 742 4118 l.
757 4069 785 4132 l,
805 4083 896 4118 comm.
910 4085 935 4134 p.
948 4067 1001 4122 463
1014 4085 1068 4135 sqq.
1089 4068 1141 4124 485
1154 4085 1192 4136 sq.
1213 4069 1271 4121 coll·
1286 4069 1366 4137 Phys.
1380 4071 1428 4135 Ill,
1446 4071 1462 4124 7

301 4160 379 4216 extr.;
399 4171 457 4220 gen.
472 4159 497 4203 et
510 4168 574 4203 corr.
586 4154 620 4218 ΙΙ,
635 4153 658 4207 9.
678 4153 750 4209 3851
763 4156 812 4220 20;
831 4156 890 4206 Eth.
904 4157 935 4208 N.
948 4156 966 4206 l.
980 4156 997 4206 1.

413 4241 453 4290 De
466 4257 506 4290 an.
520 4241 565 4304 ΙΙΙ,
581 4240 595 4292 7
608 4248 633 4292 et
645 4243 662 4296 9
681 4244 739 4295 coll.
754 4243 796 4306 10,
809 4241 888 4298 435a
902 4244 937 4299 25
949 4261 1005 4312 sqq.
1027 4245 1109 4310 (telo
1123 4244 1228 4308 6-12).

374 4239 383 4267 ³

372 4241 394 4394 ⁴l
413 4329 450 4378 cf.
464 4328 478 4387 ἓ
492 4327 508 4378 9
527 4344 539 4378 s
561 4329 577 4376 f.
598 4329 693 4395 (dean.
707 4333 727 4396 1,
741 4331 775 4396 1).

374 4415 393 4477 ⁵)
412 4415 446 4466 Cf
464 4415 547 4479 Plato,
568 4416 599 4466 de
610 4416 679 4488 legg.
693 4421 725 4484 ΙΙ,
739 4436 764 4486 p.
778 4418 851 4473 653a
871 4420 940 4484 (coll.
954 4421 1013 4472 Eth.
1028 4423 1058 4474 N.
1071 4423 1105 4485 X,
1120 4421 1134 4474 1
1148 4422 1203 4488 im).
