3156 5246
788 421 1000 485 ..72-

317 593 498 682 cognitione
526 602 561 658 et
580 591 776 680 adpetitione
803 591 933 678 propius
960 593 1012 658 vel
1040 591 1222 678 proximum
1251 613 1355 680 eoque
1378 591 1419 658 sit
1443 603 1479 656 et
1552 627 1553 630 κ

317 696 448 783 cognitu
479 693 605 762 facilius
633 704 665 759 et
692 693 836 780 adpetitu
865 696 968 780 magis
997 695 1183 762 iucundum.
1208 731 1245 744 -
1270 695 1357 761 Sane
1379 696 1479 760 bomo

317 798 470 880 eruditus,
488 808 521 864 et
535 798 562 862 is
585 797 714 884 quidem
736 795 790 883 qui
809 798 999 876 ’σπουδαῖος
1021 810 1078 880 est,
1101 798 1133 862 id
1150 808 1274 864 tantum
1298 797 1358 862 sibi
1377 817 1479 884 quae-

315 899 359 964 rit
386 898 472 986 quod
504 901 649 965 absolute
680 908 729 964 eet
758 910 793 964 et.
811 899 930 964 bonum
959 911 991 966 et
1012 902 1172 983 vernm¹).
1202 935 1239 952 -—·
1270 903 1315 964 At
1338 897 1479 964 eruditio

315 1001 391 1067 iude
417 1001 460 1066 ab
487 1022 526 1067 eo
553 1001 638 1088 quod
665 1001 802 1068 hominis
832 1003 881 1066 vel
913 1002 1007 1068 etiam
1034 1003 1124 1068 rudis
1152 1013 1201 1068 est
1225 1003 1351 1068 initium
1379 1001 1480 1086 capit,

316 1111 482 1191 tamquam
508 1127 526 1167 a
548 1104 694 1183 materie,
723 1125 805 1190 quac
833 1105 971 1189 quodam
999 1105 1095 1170 modo
1123 1107 1164 1170 ait
1192 1118 1248 1172 ant
1276 1103 1481 1192 experientia

317 1215 492 1292 conparata
525 1216 580 1270 aut
615 1206 713 1272 animi
742 1206 938 1272 conscientia
965 1199 1121 1290 (ὄμοσον)
1155 1207 1319 1296 proposita
1344 1228 1480 1272 necesse

319 1317 376 1388 est,
400 1331 473 1372 nam
497 1311 577 1392 (An.
594 1331 646 1396 po.
662 1309 738 1389 in.):
765 1310 860 1374 πᾶσα
887 1307 1091 1376 διδασκαλία
1118 1309 1175 1376 καὶ
1201 1312 1296 1376 πᾶσιν
1321 1303 1480 1393 μάθησις

316 1409 509 1498 διανοητική
538 1409 574 1478 ἐκ
602 1407 882 1499 προυταρχοιῖσης
909 1409 1036 1497 γίνεται
1061 1409 1256 1500 γνώσοως’).
1314 1412 1477 1477 Doctrina

316 1521 350 1577 et
371 1511 540 1602 disciplina
561 1524 596 1580 ut
612 1516 766 1580 exsistere
784 1515 909 1602 possint
923 1515 994 1596 alia,
1019 1516 1105 1580 unde
1126 1515 1305 1581 efficiantur
1319 1525 1353 1578 et
1367 1514 1478 1598 cogni·
1552 1599 1553 1610 ρ

317 1616 362 1680 tio
375 1616 519 1700 dueatur,
530 1627 694 1703 tamquam
708 1617 858 1682 materies
874 1628 906 1682 et
921 1640 1018 1683 causa
1038 1619 1209 1684 antecedat
1219 1639 1351 1682 naceese
1364 1627 1424 1680 est.
1440 1651 1476 1662 ·-
1552 1641 1553 1652 ¹

317 1716 385 1784 Sed
403 1729 439 1784 ut
453 1721 560 1785 locum
573 1733 646 1784 ante
658 1720 847 1784 translatum
858 1731 1026 1786 teneamus
1038 1731 1070 1786 et
1082 1721 1219 1808 primum
1231 1718 1360 1806 quidem
1378 1741 1479 1805 quan-

316 1830 384 1886 tum
401 1821 443 1885 ad
456 1820 708 1906 intellegendum
729 1821 902 1908 pertineat:
926 1823 988 1889 duo
1009 1824 1183 1911 praecipue
1198 1823 1343 1888 videmus
1358 1821 1478 1906 signill-

317 1922 393 2005 cari,
406 1922 487 2004 dieo,
504 1931 537 1986 et
554 1922 696 1988 discendi
710 1924 795 1988 viam
811 1937 844 1988 et
855 1926 1071 2012 cognoscendi
1087 1927 1254 1990 rationem.
1271 1959 1313 1970 -
1329 1923 1384 1987 Ad
1399 1923 1473 1988 illud

318 2025 403 2113 quod
427 2026 541 2090 attinet
563 2036 619 2091 aut
634 2025 860 2092 adaeendendo
877 2029 1007 2092 erebus
1024 2029 1239 2114 singularibus
1255 2027 1295 2090 ad
1310 2027 1470 2111 generalia

316 2127 540 2215 progredimur
552 2129 724 2216 (analysis)
737 2139 792 2194 aut
803 2140 889 2193 retro
903 2153 922 2192 a
934 2130 1138 2215 generalibus
1151 2129 1191 2194 ad
1204 2129 1378 2214 singularia
1390 2132 1474 2215 (syn-

316 2225 430 2314 thesis)
454 2253 513 2319 per
527 2253 658 2318 genera,
681 2232 815 2319 species,
838 2233 878 2295 ed
895 2255 992 2296 nuum
1009 2231 1128 2318 aliquid
1143 2231 1359 2319 regredimur:
1383 2253 1475 2318 quam

319 2333 359 2398 ed
376 2333 537 2422 duplicem
553 2335 639 2400 viam
654 2345 808 2422 quantum
825 2356 954 2422 quoquc
970 2333 1090 2422 duplex
1104 2337 1161 2402 illa
1176 2335 1333 2422 probandi
1350 2333 1476 2398 demon-

317 2436 506 2525 ntrandiqne
515 2439 619 2503 forma
630 2438 747 2519 valeat,
761 2457 833 2500 cum
847 2436 898 2500 hie
913 2459 970 2523 per
986 2437 1209 2502 deductionem
1222 2429 1475 2521 (συλλογισμόν)

317 2537 477 2605 discamus
501 2539 748 2628 doceamusque,
772 2539 837 2602 illic
860 2561 917 2625 per
934 2539 1151 2604 inductionem
1176 2529 1394 2626 (ἐπαρωγήν),
1414 2557 1473 2600 nce

316 2640 1467 2729 nemononignoratnecnostrumestaccuratiushoclocodisputare³).7-

317 2743 370 2808 nd
386 2745 446 2810 hoc
463 2744 578 2810 attinet
593 2745 678 2832 quod
695 2745 861 2831 utriusque
875 2748 1013 2832 primum
1030 2744 1163 2830 aliquid·
1175 2755 1224 2808 est
1246 2753 1279 2808 et
1299 2742 1466 2827 cognitum:

317 2844 404 2910 aliud
420 2868 496 2910 vero
512 2849 650 2933 primum
668 2859 716 2914 est
732 2847 818 2935 quod
833 2848 983 2912 universe·
999 2868 1039 2910 ex
1056 2869 1163 2910 rernm
1179 2846 1310 2910 notione
1325 2863 1467 2929 conpren

318 2946 414 3029 ditur,
430 2949 486 3014 nbi
503 2949 631 3015 demum
644 2950 736 3038 quasi
748 2973 790 3014 ex
802 2973 926 3014 summo
939 2948 1092 3013 scientiae
1102 2948 1231 3034 fastigio
1243 2971 1350 3013 rerum
1363 2955 1473 3010 natura

318 3058 416 3137 atque
439 3051 529 3137 origo
553 3055 768 3138 cognoscitur,
792 3052 824 3116 id
848 3052 933 3140 quod
957 3051 1106 3116 nimirum
1123 3073 1218 3138 quem
1234 3049 1419 3137 longissime
1433 3045 1473 3110 ab

265 3173 268 3179 '
318 3153 418 3220 oculis
434 3153 561 3218 videtur
576 3154 628 3217 vel
643 3177 662 3218 a
677 3155 769 3219 nobis
781 3166 937 3220 remotum
954 3177 1041 3218 esse:
1058 3153 1154 3235 aliud,
1171 3154 1226 3218 nbi
1241 3153 1370 3240 singula
1385 3169 1476 3238 quae-

317 3255 393 3322 dam
406 3279 557 3322 seusnum
568 3257 778 3343 perceptione
791 3257 1084 3335 animadvertimus,
1099 3269 1181 3342 quae
1192 3255 1344 3342 propiora
1356 3279 1376 3319 a
1387 3252 1477 3320 nobie

317 3359 371 3422 vel
382 3359 529 3446 proxima
540 3369 624 3424 eunt.
649 3358 735 3424 Hinc
748 3360 930 3424 Aristotelis
943 3360 1022 3424 haec
1034 3360 1113 3440 (An.
1122 3359 1207 3443 pol,
1216 3359 1248 3422 2.
1265 3358 1382 3422 711234
1396 3357 1478 3444 sq.):

318 3455 466 3547 πρότερον
481 3456 513 3527 d'
538 3459 609 3528 ἐστὶ
623 3460 679 3528 καὶ
696 3457 929 3549 γνωριμώτερα
944 3463 1057 3544 διχῶς·
1083 3455 1124 3526 ori
1142 3458 1204 3546 γὰρ
1216 3453 1340 3526 rueledo
1354 3455 1475 3542 πρότο-

317 3587 376 3650 ρον
390 3567 431 3653 τῇ
447 3561 550 3652 φύσει
564 3564 619 3631 καὶ
634 3563 720 3651 πρὸς
741 3561 830 3652 ἡμᾶς
853 3560 1024 3650 πρότερον,
1049 3557 1128 3630 οὐδὲ
1149 3557 1401 3650 γνωριμώτερον
1425 3560 1478 3628 eui

317 3666 396 3756 ἡμῖν
410 3664 675 3756 γνωριμώτερον·
695 3691 783 3756 quae
805 3668 867 3732 duo
884 3669 992 3752 priora
1006 3679 1040 3732 et
1054 3669 1180 3732 notiora
1194 3668 1238 3730 ita
1261 3688 1357 3752 porro
1382 3667 1480 3754 expli·
1549 3737 1550 3750 ¹

320 3783 446 3838 cantur:
473 3771 558 3859 λέγω
579 3772 618 3840 dd
639 3770 725 3860 πρὸς
746 3765 834 3859 ἡμᾶς
853 3769 915 3850 μὲν
935 3763 1082 3856 πρότερα
1102 3768 1158 3835 καὶ
1179 3765 1417 3855 γνωριμώτερα
1439 3766 1477 3834 τὰ

319 3869 493 3963 ἐγγύτερον
514 3878 572 3964 τῆς
586 3870 792 3962 αἰσθήσεως,
816 3867 934 3951 ἁπλῶς
949 3871 988 3939 dd
1005 3868 1152 3958 πρότερα
1169 3871 1224 3938 καὶ
1236 3869 1478 3960 ’γνωριμώτερα

320 3975 362 4042 τὰ
385 3975 613 4066 πορρώτερον·
637 3974 706 4044 ἔστι
729 3976 767 4042 dd
788 3969 993 4064 πορρωτάτω
1014 3974 1074 4058 μὲν
1088 3974 1130 4042 τὰ
1146 3970 1300 4042 καθόλου
1318 3970 1476 4058 μάλιστα,

393 4249 699 4400 ²le.§34coll.Eth.
713 4340 743 4390 N.
757 4339 841 4402 VI,.3
861 4338 1008 4401 unauna
1030 4338 1092 4388 Met.
1106 4337 1222 4399 1,9s.t

393 4423 471 4488 ³.)cf
485 4425 534 4477 dn
548 4439 584 4490 pr.
605 4425 639 4488 ΙΙ,
653 4425 695 4479 23.
715 4426 772 4480 eno
789 4425 908 4488 30-373
925 4427 975 4477 An.
989 4427 1067 4492 pel,
1085 4424 1180 4476 looll
1193 4423 1418 4492 Trendelenburg,
1439 4423 1478 4474 ΕΙ

325 4510 460 4579 103539
