3156 5246
806 423 1010 485 ,94-

329 597 474 680 profecto
500 617 562 660 nec
582 597 645 660 levi
663 605 822 660 momento
846 596 906 657 hoc
928 592 1161 658 aestimandum
1177 607 1235 658 est
1268 588 1379 660 ‘Vitae
1396 594 1490 660 disci·

329 723 413 779 mus,
436 722 499 764 non
522 691 670 764 scholae?
698 735 739 744 ·—
761 698 800 760 ld
821 697 907 782 quod
930 696 1010 760 nihil
1031 696 1179 782 prodest,
1213 697 1263 761 vel
1276 685 1488 762 'detrimento

331 804 402 867 erit.
420 839 457 850 -—
477 803 565 868 Sene
585 803 624 883 (l.
641 802 661 864 l.
683 801 786 864 1338o
798 801 848 880 2):
870 797 909 865 cd
932 797 970 864 dd
992 797 1098 884 ζητεῖν
1118 802 1290 881 πανταχοῦ
1309 798 1348 866 τὸ
1369 795 1488 888 χρήσι-

329 933 393 992 μον
413 905 533 994 ἥκιστα
554 899 711 992 ἁρμόττει
731 907 802 980 τοῖς
821 899 1072 991 μεγαλοψύχοις
1097 899 1155 967 καὶ
1180 907 1252 981 τοῖς
1279 902 1488 990 ἐλευθέροις.

330 1015 391 1076 Est
412 1012 511 1096 igitur
533 1005 791 1090 distinguendum
818 1005 901 1070 inter
931 1006 1014 1069 bono
1038 1025 1109 1069 esee
1131 1005 1224 1070 elicui
1246 1009 1293 1070 rei
1317 1019 1348 1070 et
1370 1007 1489 1072 utilita-

325 1127 395 1179 tem
422 1111 541 1196 ubique
567 1131 738 1196 quaerere,
769 1109 829 1172 hoc
856 1108 943 1194 quod
972 1108 1185 1192 magnanimis
1215 1119 1311 1196 atque
1333 1108 1487 1195 ingenuis

328 1215 510 1280 hominibus
537 1213 589 1275 vel
618 1211 748 1278 minime
775 1203 901 1276 videtur
927 1211 1035 1276 decori
1063 1232 1146 1276 esse.
1190 1211 1305 1298 Itaque
1332 1212 1421 1276 sicut
1448 1210 1486 1274 de

329 1330 398 1382 arte
420 1315 574 1404 pingendi
595 1315 627 1378 id
645 1314 827 1378 Aristotelis
843 1313 1056 1398 premendum
1078 1324 1128 1377 est
1150 1313 1237 1401 quod
1257 1314 1298 1378 ad
1313 1336 1484 1401 corporum

329 1425 569 1506 formarumque
591 1417 838 1504 pulcritudinem
863 1415 1104 1503 concipiendam
1127 1417 1251 1482 animos
1272 1417 1317 1482 ait
1338 1419 1483 1482 sollertes

329 1523 412 1588 et'fici
434 1533 467 1586 et
488 1543 601 1585 sensus
623 1525 714 1605 quasi
737 1519 872 1582 elimari:
899 1519 946 1582 sic
968 1518 1055 1606 quod
1077 1520 1286 1605 grammatice
1306 1519 1360 1582 vel
1384 1519 1483 1583 litere

328 1649 398 1691 rum
422 1623 606 1710 cognitione
634 1621 778 1685 adiuvari
808 1621 957 1703 dicimur,
985 1633 1022 1686 ut
1047 1622 1165 1686 multas
1193 1623 1271 1686 alins
1299 1621 1480 1708 disciplinas

329 1730 496 1817 percipere
521 1737 553 1788 et
566 1746 741 1808 conparare
763 1723 922 1809 possimus
944 1726 1002 1806 (ib.
1018 1725 1091 1788 ⁰37
1108 1728 1213 1810 sqq.):
1237 1719 1277 1790 οὐ
1298 1719 1408 1807 μόνον
1429 1722 1479 1790 dui
1543 1775 1544 1814 3

329 1830 368 1897 τὸ
388 1825 550 1916 χρήσιμον
579 1827 648 1907 (δεῖ
675 1820 923 1909 παιδεύεσθαι)
947 1878 981 1892 ..
1006 1822 1093 1893 ἀλλὰ
1119 1826 1183 1898 καὶ,
1203 1827 1262 1892 διὰ
1286 1827 1326 1893 τὸ
1352 1826 1478 1904 πολλὰς

329 1931 528 2014 ἐνδέχεσθαι
554 1927 732 2015 γίγνεσθαι
760 1924 803 1993 δι’
826 1925 936 1994 αὐτῶν
956 1926 1127 2017 μαθήσεις
1153 1925 1312 2017 ἑτέρας’).
1343 1967 1386 1976 ——
1417 1932 1472 1996 Ian

329 2039 402 2101 hinc
441 2036 630 2119 conprobari
661 2041 694 2096 et
719 2031 872 2096 illustrari
899 2035 1048 2098 videntur
1079 2055 1163 2120 quae
1192 2032 1350 2098 educandi
1392 2035 1467 2120 adpo

329 2149 462 2203 ruerunt
482 2139 622 2200 rationes
642 2146 739 2221 etque
762 2136 930 2222 principia.
965 2136 1089 2214 Quodsi
1111 2136 1195 2199 enim
1219 2159 1258 2199 ex
1281 2137 1468 2220 gymnastn

329 2257 360 2305 et
382 2244 504 2306 musice
525 2242 588 2303 iam
611 2240 716 2324 patuit
737 2261 895 2302 summum
923 2240 1002 2303 illud
1029 2249 1146 2324 poetae
1176 2242 1228 2320 (ut
1248 2262 1313 2303 una
1337 2249 1371 2302 et
1395 2237 1472 2302 brevi

328 2344 523 2423 absolvero:
553 2335 658 2404 ‘mens
685 2363 764 2402 sana
791 2341 823 2403 in
849 2363 987 2427 corpore
1009 2335 1101 2406 sano’
1116 2340 1157 2424 ¹),
1186 2351 1290 2423 certe,
1317 2341 1394 2407 illee
1418 2363 1471 2405 nou

327 2456 452 2509 tanturn
473 2443 531 2508 sed
560 2445 656 2508 etiem
683 2444 757 2524 has,
784 2445 995 2528 gremrnatice
1021 2454 1055 2508 ct
1079 2444 1250 2530 graphica,
1279 2445 1319 2506 nd
1346 2443 1470 2507 virtutes

327 2549 505 2636 pertinent,
529 2540 647 2633 ἠδικάς
669 2555 702 2610 et
724 2541 953 2632 dieroncturig,
982 2571 1119 2634 quarum
1142 2546 1312 2612 simulacre
1338 2537 1468 2628 (ὁμοιώ-

328 2654 450 2735 ματα),
480 2663 514 2715 ut
537 2673 609 2714 eum
632 2650 805 2714 Aristotele
827 2652 956 2736 loquer,
985 2651 1100 2737 puerili
1128 2650 1234 2713 animo
1265 2660 1297 2712 et
1317 2646 1465 2712 informari

329 2755 448 2817 debent
483 2765 514 2816 et
542 2750 705 2815 inculcari.
741 2787 777 2798 -
813 2751 887 2816 Non
917 2775 1062 2837 possum,
1091 2754 1167 2838 quin
1196 2753 1227 2815 in
1264 2751 1310 2814 his
1338 2745 1460 2832 discipli·

327 2858 374 2919 nis
403 2856 499 2919 etiam
525 2855 805 2940 praeparationem
826 2854 951 2918 videam
980 2867 1182 2939 optumarum
1204 2875 1312 2917 rerum
1329 2862 1358 2914 et
1375 2847 1463 2910 virtu·

327 2972 395 3023 tum
417 2956 599 3035 moralium,
628 2956 668 3020 ad
690 2980 826 3043 quarum
848 2956 953 3021 studia
974 2979 1144 3043 puerorum
1171 2965 1204 3020 et
1229 2949 1465 3020 adulescentium
1542 2989 1543 3008 i

326 3060 423 3124 animi
445 3081 483 3122 ao
505 3057 644 3122 maxime
667 3059 768 3138 huno,
801 3081 897 3140 sane,
924 3059 956 3123 in
981 3059 1110 3124 modum
1128 3055 1252 3138 altera,
1286 3067 1322 3120 ut
1343 3053 1467 3130 videtur,

327 3185 482 3228 annorum
507 3159 706 3225 hebdomade
733 3158 807 3246 (τήν
830 3155 888 3247 ἀφ’
913 3157 994 3246 ἥβης
1014 3159 1110 3247 μέχρι
1129 3162 1195 3225 τῶν
1216 3156 1291 3238 ἑνὸς
1312 3154 1369 3221 καὶ
1389 3150 1469 3220 εἶτο-

326 3287 379 3332 οιν
402 3265 499 3348 ἐτῶν)
533 3263 734 3348 adplicentur
761 3275 901 3351 oportet,
932 3266 1096 3344 nimirum,
1127 3264 1357 3328 exercitatione
1382 3271 1471 3344 atque

318 3369 516 3449 doctrinal).
562 3365 655 3444 Quae
675 3389 748 3430 cum
769 3367 815 3430 ita
837 3369 915 3447 sint,
944 3369 1089 3431 omittere
1112 3366 1199 3432 nolui
1221 3365 1319 3430 etiam
1340 3365 1400 3428 has
1421 3363 1473 3424 sin·

323 3473 458 3558 gnlntim
483 3494 579 3558 quem
603 3469 790 3534 brevissime
818 3470 936 3556 poterit
962 3469 1165 3553 pertractari,
1194 3490 1254 3532 nec
1281 3489 1318 3530 eo
1348 3464 1470 3552 quiden

326 3575 429 3640 minus
460 3597 523 3661 quo
552 3574 656 3658 magis
688 3572 784 3636 totius
813 3572 970 3636 educendi
1001 3581 1033 3635 ot
1061 3570 1248 3636 instituendi
1274 3569 1379 3655 operis
1411 3589 1471 3630 con

322 3690 466 3764 spectum
491 3677 664 3741 habeamus
692 3695 823 3738 necesse
846 3685 903 3737 est.
929 3711 964 3720 -—
994 3673 1136 3740 Primum
1165 3675 1263 3760 igitur
1288 3673 1327 3736 dc
1352 3689 1472 3734 morum
1538 3710 1541 3724 .

323 3782 503 3846 virtutibus.

407 3991 460 4053 47.
499 3987 686 4067 Materiem,
718 4009 816 4072 qnam
848 3995 934 4048 recte
967 3986 1164 4070 honesteque
1196 3982 1325 4047 vivendi
1361 3995 1472 4046 natura

322 4093 444 4174 tribuit,
474 4100 506 4154 et
529 4089 727 4174 educationis
755 4099 787 4152 ct
816 4087 1023 4152 institutionis
1046 4097 1095 4152 est
1116 4095 1191 4170 epte
1211 4084 1331 4150 utendo
1352 4083 1471 4150 consor

435 4343 472 4394 Cf.
486 4343 557 4390 Poet.
572 4340 588 4389 l.
603 4340 619 4390 l.
634 4356 655 4390 e.
669 4339 723 4392 let
735 4339 760 4393 9.

398 4343 404 4369 l

395 4343 415 4494 ‘l
433 4427 557 4488 Juvenal,
572 4429 642 4479 satir.
660 4429 693 4490 X,
706 4427 757 4482 356
777 4429 836 4478 coll.
854 4427 951 4492 Looke,
969 4443 1040 4478 some
1057 4427 1165 4492 thought
1183 4439 1256 4478 oonc.
1274 4423 1421 4484 ednostion,
1439 4421 1470 4469 in·
1541 4463 1542 4486 3

394 4517 412 4580 ³)

433 4517 474 4569 cr.
488 4517 503 4576 r
516 4514 551 4568 32
562 4515 629 4576 (τοι.
642 4517 686 4577 iv,
700 4515 733 4567 17
745 4518 831 4581 exe).
