3154 5252
605 414 812 480 „45-

123 598 162 656 nt
183 589 261 655 velit
281 586 413 675 homo¹)
438 587 473 670 (l.
489 587 510 652 l.
526 608 548 652 a
562 587 604 652 λλ
624 588 724 673 sqq).
762 587 917 650 Attamen
939 607 1024 650 nunc
1047 583 1087 649 de
1110 583 1285 674 cupiditate

123 694 333 783 adpetitaque
350 691 466 778 agitur,
491 699 648 778 qnatenus
669 687 909 773 intellegentiae
925 687 1112 774 meliorique
1128 688 1285 755 voluntati

126 806 346 884 opponuntur:
370 803 403 859 et
424 793 521 859 facile
544 791 667 857 videbis
691 813 754 879 quo
777 791 897 857 Nostro
921 788 1003 856 duce
1026 790 1203 858 tendamus.
1245 794 1284 859 In

126 898 237 986 primis
261 899 346 964 enim
368 897 401 963 id
425 895 512 983 quod
535 895 593 960 sub
616 918 727 960 sensus
750 893 835 960 cadit
857 893 1001 960 homines
1024 893 1076 959 vel
1091 893 1210 960 bonum
1233 897 1285 962 vel

125 999 274 1087 pulcrum
297 1023 369 1066 esse
393 1000 604 1064 arbitrentur:
632 1019 749 1085 pueros
777 997 841 1064 iam
864 997 1001 1062 vidimus
1023 996 1091 1062 istis
1114 999 1210 1064 rebus
1233 1022 1286 1086 po·

124 1103 282 1170 tissimum
299 1113 397 1191 atque
414 1125 450 1167 eo
465 1101 566 1188 magis
581 1100 686 1184 adfici,
709 1123 773 1188 quo
796 1099 967 1167 alacriores
984 1108 1057 1165 sunt
1078 1101 1287 1167 ardentiores·
1304 1133 1314 1162 a

125 1230 189 1294 que
214 1208 245 1275 in
272 1229 310 1272 eo
333 1206 472 1270 maxime
495 1203 703 1292 percipiendo
734 1214 766 1268 et
794 1202 962 1268 sentiundo
991 1201 1077 1289 quod
1098 1202 1211 1268 animis
1234 1227 1287 1270 vo·

123 1309 285 1396 luptatem
308 1308 412 1374 adfert
421 1306 457 1389 ⁸).
483 1348 518 1355 -
543 1309 587 1374 Elt
609 1309 683 1373 hinc
704 1310 843 1395 primum
866 1306 1043 1372 certamina
1064 1305 1119 1370 illa
1142 1307 1284 1373 exoriun-

122 1421 187 1492 tur,
211 1420 359 1494 naturae,
376 1412 479 1499 quoad
495 1434 591 1476 sensu
606 1418 754 1477 movetur
770 1409 980 1496 sensibusque
996 1407 1176 1495 voluptaria
1192 1434 1285 1498 quae

123 1515 181 1596 rit,
211 1523 245 1578 et
267 1513 363 1580 moris
386 1513 705 1600 consuetudinisque,
735 1523 891 1600 quantum
913 1511 955 1578 ad
977 1521 1063 1577 recte
1088 1513 1286 1601 honesteque

124 1615 262 1681 vivendi
283 1616 438 1685 rationem
460 1617 582 1683 animos
604 1616 779 1704 adpellunt.
818 1617 890 1683 Iam
913 1614 1020 1682 multis
1042 1614 1121 1680 locis
1135 1614 1287 1683 Aristote-

125 1719 175 1784 les
205 1743 244 1784 ac
265 1719 451 1806 praesertim
475 1719 508 1786 in
531 1719 657 1786 Ethicis
685 1719 776 1785 libris
804 1719 844 1784 de
870 1720 932 1784 hac
958 1740 994 1782 re
1022 1715 1076 1800 (τὸ
1097 1713 1285 1803 μάχεσθαι)

128 1819 349 1910 disputavit⁸).
382 1861 419 1870 ·-
450 1825 495 1889 Et
516 1825 650 1890 forsitan
672 1822 752 1888 nihil
779 1822 934 1911 impediat
956 1821 1033 1911 quin
1057 1823 1152 1888 etiam
1175 1825 1287 1890 Nostri

127 1944 167 1990 ex
191 1923 297 1990 auimo
319 1924 360 1992 de
384 1925 492 1992 divino
515 1925 624 2014 aliquo
647 1933 680 1990 et
701 1925 840 1992 hnmano
863 1926 947 1992 inter
968 1947 1003 1991 se
1024 1923 1223 1992 dissentienti
1246 1926 1288 1992 lo·

123 2047 236 2112 quare.
286 2028 358 2094 Neo
386 2052 464 2095 vero
491 2030 568 2095 licet
595 2051 614 2092 a
641 2029 805 2116 proposito
839 2030 1000 2096 aberrare.
1031 2067 1067 2075 -
1098 2029 1207 2116 Atque
1236 2030 1288 2094 vel

123 2130 283 2198 artissime
306 2133 371 2198 huo
393 2132 547 2220 pertinet,
574 2130 660 2219 quod
684 2134 776 2218 quasi
797 2132 908 2221 primis
936 2131 1051 2198 ictibus
1075 2132 1205 2198 artificia
1227 2133 1288 2198 for·

123 2233 246 2299 mantis
270 2235 475 2323 attingentis
504 2234 654 2302 materies
681 2235 810 2323 penitus
838 2244 984 2325 permota
1006 2244 1039 2300 et
1060 2257 1213 2323 percussa
1235 2234 1288 2300 ad-

123 2347 229 2426 paret,
254 2336 295 2403 ad
311 2362 407 2426 quam
422 2338 476 2404 ille
493 2361 565 2405 cum
588 2338 695 2427 specie
718 2339 785 2406 eins
808 2339 932 2406 accedit
954 2338 1041 2426 quod
1055 2338 1124 2426 ipse
1140 2338 1287 2425 pulcrum

127 2449 161 2505 et
182 2462 253 2508 esse
276 2450 308 2506 et
323 2440 426 2508 videri
443 2443 630 2530 cognoverit
637 2441 676 2523 ⁴).
695 2481 731 2522 ε-
749 2441 847 2508 Haud
862 2441 967 2508 aliena
982 2452 1032 2507 est
1054 2442 1094 2506 ab
1111 2441 1287 2506 Aristotele

132 2561 170 2606 ea
190 2565 253 2631 qua
274 2567 352 2610 usus
375 2568 445 2610 snm
467 2545 593 2632 imago:
624 2556 732 2612 atres
754 2546 825 2634 ipsa
845 2544 924 2611 adeo
947 2568 1012 2611 non
1034 2544 1128 2628 levis,
1158 2553 1194 2611 ut
1216 2543 1286 2610 aub-

128 2642 212 2712 tilius
235 2670 273 2714 ac
295 2648 403 2736 paullo
427 2649 525 2716 etiam
548 2649 727 2716 accuratius
749 2647 946 2714 enucleanda
969 2647 1020 2714 sit.

148 2857 154 2883 ‘
213 2852 264 2918 25.
295 2853 484 2921 Domestica
504 2853 560 2920 illa
582 2877 620 2918 ac
642 2853 774 2943 proprie
795 2854 942 2942 voluptas
966 2850 1002 2944 (ἦ
1027 2849 1134 2922 οἰκεία
1156 2847 1288 2944 ἡδονή),

126 2955 161 3019 in
184 2977 248 3042 qua
270 2956 408 3023 hominis
428 2957 528 3044 ipsius
545 2966 661 3024 natura
683 2967 847 3044 tamquam
870 2958 993 3025 munita
1017 2958 1199 3026 consedisse
1222 2960 1290 3026 visa

126 3067 176 3124 cst
204 3082 262 3124 sna
297 3060 329 3126 vi
361 3059 520 3143 innitens,
553 3058 675 3127 alienae
704 3060 895 3126 adversatur
923 3069 955 3127 et
988 3070 1158 3149 repugnat.
1214 3061 1288 3128 Huc

124 3161 269 3246 accedit,
299 3173 424 3250 tempus
447 3163 473 3228 si
496 3164 698 3252 respicimus,
730 3165 817 3252 quod
839 3187 904 3230 non
927 3174 1055 3231 tameo
1080 3163 1164 3252 quod
1188 3188 1205 3230 e
1227 3186 1289 3229 me·

123 3264 229 3330 moria
252 3287 288 3330 ao
310 3265 549 3333 reminiscentia
570 3267 603 3332 in
625 3277 777 3356 promptu
801 3268 896 3350 est⁵),
920 3290 1017 3354 quam
1039 3288 1076 3331 eo
1095 3264 1181 3353 quod
1198 3264 1289 3330 adest

128 3366 284 3454 quodque
305 3389 459 3456 praesens
482 3380 540 3452 est,
563 3370 708 3437 homines
732 3381 763 3436 et
778 3369 871 3460 pueri
887 3371 1036 3451 maxime,
1060 3366 1192 3433 volubili
1216 3391 1289 3454 qua-

124 3469 202 3536 dem
230 3492 381 3538 sensuum
411 3472 593 3540 titillatione
621 3483 781 3540 tenentur.
838 3471 967 3538 Etenim
996 3493 1069 3534 oum
1097 3469 1288 3554 intellectus,

127 3571 184 3659 qni
207 3573 303 3640 finem
327 3575 444 3662 ubique
466 3575 611 3664 respicit,
635 3576 675 3641 ad
698 3578 839 3642 futurum
861 3597 920 3640 nos
943 3574 1031 3639 iubet
1053 3572 1195 3639 animum
1217 3596 1289 3639 con·

125 3685 255 3743 vertere
285 3677 359 3762 (διὰ
381 3677 421 3746 τὸ
443 3678 566 3763 μέλλον
588 3673 768 3746 ἀνθέλκειν
789 3671 948 3759 saleuco:
980 3677 1154 3764 cupiditate
1177 3699 1194 3740 e
1218 3699 1290 3742 con-

124 3780 236 3863 trario,
259 3791 431 3870 propterea
453 3782 539 3870 quod
562 3784 705 3850 futurum
720 3807 784 3850 non
807 3781 961 3869 prospicit
982 3779 1056 3864 (διὰ
1078 3778 1117 3848 τὸ
1138 3779 1183 3869 μὴ
1208 3773 1289 3868 ὁρᾶν

124 3878 168 3949 τὸ
189 3881 328 3968 μέλλον)
358 3883 497 3972 proximi
516 3879 679 3953 ‘momenti
701 3885 899 3952 iucunditate
927 3884 1142 3952 abstrahimur
1170 3887 1226 3969 (of.
1250 3884 1289 3952 de

128 4023 331 4038 U—-u

204 4081 223 4152 ¹)
244 4085 285 4138 Cf.
299 4102 321 4139 e.
335 4086 360 4141 9.
379 4085 452 4142 432b
465 4085 484 4140 4
495 4104 534 4154 aq.
554 4087 623 4154 (Eth.
637 4089 669 4140 N.
681 4089 726 4153 Vl,
740 4086 771 4154 23
789 4089 835 4153 ΠΙ,
854 4088 889 4152 6).

201 4171 221 4238 ²)
240 4173 271 4228 Ia.
282 4174 301 4226 l.
315 4173 389 4228 43211
402 4175 437 4229 28
450 4189 506 4242 sqq.
520 4176 578 4228 coll.
592 4175 624 4226 de
635 4181 696 4227 mot.
709 4192 750 4228 an.
765 4192 787 4229 c.
798 4176 815 4229 6
828 4175 871 4241 (of.
884 4177 896 4239 ξ
912 4174 965 4242 18).
985 4175 1045 4230 Eth.
1058 4175 1089 4228 N.
1104 4177 1137 4241 ll,
1150 4175 1175 4229 2.
1198 4174 1289 4232 noto

126 4259 165 4314 29
178 4275 233 4414 Ml),
243 4261 361 4416 lbll,llb
373 4262 494 4418 iri.1;9lblll
505 4280 562 4424 lb}
570 4354 627 4419 Vll,
640 4353 670 4418 83
690 4355 724 4419 X,
738 4352 779 4409 10.

200 4435 221 4502 ⁴)
242 4437 281 4488 cf.
294 4437 339 4502 §1
358 4442 581 4506 0011.1uh.N.11‚
596 4441 622 4498 b.
726 4474 731 4488 .

203 4521 222 4592 ⁶)
242 4525 280 4578 or.
294 4529 307 4592 a
322 4528 356 4583 18
368 4531 458 4600 (ruys.
471 4531 518 4598 1v,
535 4531 589 4597 11).
