3156 5246
785 421 1015 528 ‘'⁸4”‚

319 591 416 674 (Met.
432 591 452 655 l.
468 591 490 655 l.
509 589 708 674 10t2a22):
732 589 865 679 ἔνοργεΐ
878 589 916 658 δὲ
930 587 1023 672 ἔχων.
1040 629 1079 638 --
1096 589 1182 656 Hine
1197 591 1283 656 unde
1297 590 1386 656 initio
1402 591 1477 658 exii-

319 718 399 776 mus,
418 693 645 760 revertendum
667 702 716 759 est
728 695 763 776 ¹).
803 695 869 778 (ef.
890 693 960 758 Pol.
978 693 1038 776 IV,
1061 694 1111 756 15.
1137 693 1253 758 1334a
1267 693 1310 758 30
1330 697 1419 781 sqq.)
1440 731 1475 742 -

321 797 357 864 Si
381 797 435 884 qui
463 805 550 878 sunt,
583 795 627 862 uti
656 796 844 862 fabulantur
868 806 983 882 poetae
991 844 999 878 ,
1033 793 1200 860 beatorum
1228 796 1261 860 in
1288 796 1399 862 insulis
1423 797 1478 883 qui

322 907 499 980 versentur,
518 896 550 962 bi
566 921 664 985 quam
681 897 819 963 maxime
835 907 867 962 et
882 920 920 962 eo
937 901 1039 985 magis
1055 897 1289 984 philosophiam
1304 900 1477 988 requirent,

319 998 580 1089 temperantiam,
601 999 753 1066 iustitiam
765 1049 773 1083 ,
803 1009 923 1086 quanto
946 1003 1048 1086 magis
1071 1002 1173 1066 otiose
1194 1001 1341 1066 viventes
1364 1000 1477 1066 talium

319 1105 476 1170 bonorum
504 1102 596 1190 copia
618 1101 669 1185 (δν
691 1095 845 1192 ἀφθονίᾳ
866 1105 931 1167 τῶν
951 1096 1113 1169 τοιούτων
1135 1097 1293 1190 ἀγαθῶν)
1318 1104 1477 1170 fruuntur.

319 1205 444 1286 Quibus
459 1204 556 1270 rebus
568 1204 614 1270 uti
626 1229 690 1270 nen
703 1229 798 1294 posse
810 1207 990 1293 (χρῆσθαι)
1008 1229 1080 1270 cum
1097 1215 1191 1294 turpe
1207 1229 1287 1289 esse,
1300 1219 1368 1272 tum
1381 1207 1478 1293 longe

317 1308 442 1396 turpius
464 1306 502 1372 iis
524 1305 642 1372 otiosos
657 1308 703 1372 uti
719 1331 781 1372 non
799 1331 903 1394 posse,
926 1309 983 1374 sed
999 1319 1173 1396 occupatos
1191 1308 1326 1397 quidem·
1344 1318 1375 1374 et
1392 1309 1477 1374 bella

319 1421 471 1500 gerentes
493 1431 527 1475 se
549 1410 707 1498 praebere
722 1411 808 1476 viros
823 1410 936 1492 bonos,
959 1434 1073 1499 pacem
1096 1433 1172 1476 vero
1190 1422 1323 1497 agentes
1346 1412 1476 1498 otioque

319 1523 471 1580 vacantes
494 1511 626 1578 serviles
648 1513 770 1578 animos
792 1515 1040 1600 praeseferre,
1063 1515 1154 1580 velut
1169 1514 1278 1578 servili
1295 1514 1476 1580 conditione

319 1615 482 1704 praeditos
511 1609 814 1702 (ἀνδραποδώδεις.
836 1616 858 1680 l.
875 1616 896 1680 l.
916 1618 1017 1700 ato).
1049 1655 1085 1666 -
1113 1616 1239 1698 Habes,
1266 1637 1329 1702 quo
1356 1616 1475 1682 Nostro

320 1729 450 1783 auctore
472 1717 642 1782 tendimus.
668 1753 705 1764 -
730 1717 880 1783 Humana
902 1729 1028 1802 natura,
1054 1718 1244 1784 educatione
1266 1720 1422 1806 perfecta,
1447 1729 1476 1784 et

317 1819 420 1886 otium
442 1831 572 1908 optume
595 1844 632 1884 ee
654 1819 847 1906 pulcerrime
869 1820 988 1886 habere
1005 1831 1037 1886 et
1050 1819 1216 1906 negotium
1237 1821 1365 1907 poterit,
1389 1822 1474 1886 nulla

319 1921 529 1988 dissensione.
582 1921 671 2003 Quo,
701 1916 807 2010 inquit
825 1923 1033 2006 Aristoteles,
1062 1946 1126 2009 qua
1146 1922 1200 1986 via
1222 1922 1470 2010 perveniendum

318 2026 377 2108 sit,
405 2025 467 2090 iam
497 2024 587 2112 prius
614 2022 822 2106 dictumest,
852 2025 937 2112 qued
965 2025 1027 2089 hec
1054 2023 1226 2111 partitione
1248 2024 1319 2090 fieri
1341 2033 1467 2112 opertet,

320 2137 446 2206 natura,
468 2125 625 2209 moribus,
648 2127 786 2193 ratione:
815 2150 898 2215 quae
919 2149 1051 2192 necesse
1074 2135 1122 2192 est
1145 2127 1317 2192 concinant
1337 2126 1425 2192 inter
1443 2147 1472 2190 se

322 2241 452 2318 optumo
475 2240 642 2295 concentu.
659 2265 696 2276 -
721 2229 870 2296 Etenim
894 2229 964 2294 fieri
987 2229 1041 2316 qui
1064 2237 1170 2317 potest
1192 2229 1282 2312 haee,
1306 2251 1404 2316 quam
1427 2251 1473 2292 ve

321 2331 381 2398 luit
396 2331 525 2412 Noster,
549 2331 745 2398 concinnitas
765 2331 797 2395 in
815 2331 1013 2413 educatione,
1036 2331 1097 2396 nisi
1120 2331 1160 2396 ad
1176 2331 1401 2397 necessitatem
1423 2353 1472 2396 nn-

321 2442 412 2500 esrae
433 2443 466 2499 et
488 2434 529 2500 ad
557 2434 796 2500 consuetudinis
823 2443 1016 2522 potestatem
1045 2457 1117 2499 eum
1152 2433 1326 2500 accedente
1354 2433 1471 2498 ratione

321 2559 387 2602 una
414 2537 588 2602 accesserit
606 2559 649 2600 ea
670 2536 813 2617 libertas,
845 2536 930 2602 unde
960 2537 1000 2600 ad
1029 2557 1106 2602 vere
1134 2538 1274 2602 humone
1303 2535 1469 2600 vivendum

320 2637 448 2705 ducitur
477 2639 582 2704 homo.
634 2637 708 2717 Qua
736 2637 866 2725 quidem
894 2639 926 2704 in
949 2663 985 2704 re
1008 2648 1163 2726 quantum
1191 2661 1294 2726 usque
1316 2639 1407 2703 etiam
1429 2637 1466 2700 ad

319 2749 463 2808 nestram
486 2751 623 2807 aetatem
646 2751 814 2828 peecatum
837 2742 887 2824 sit,
911 2745 1064 2808 memoria
1086 2743 1196 2824 docet,
1218 2741 1304 2806 unde
1324 2737 1463 2824 exemplo

319 2840 497 2928 produntur
512 2866 576 2908 non
591 2865 704 2930 pauca.
729 2846 796 2908 Aut
811 2843 894 2908 cuim
912 2857 1044 2910 naturae
1061 2843 1267 2910 adversantes
1283 2844 1313 2908 in
1327 2841 1465 2906 doctrina

319 2952 354 3008 et
376 2942 544 3032 disciplina
565 2945 672 3010 omnia
698 2955 888 3033 posuerunt,
922 2957 977 3012 aut
1002 2969 1098 3012 unam
1129 2956 1277 3011 naturam
1305 2953 1469 3031 sequentes

319 3046 505 3133 magistram
538 3050 669 3114 alteram
710 3057 895 3130 naturanr,‘
922 3049 1182 3115 consuetudinem
1224 3063 1264 3132 et
1288 3047 1471 3128 doctrinam,

312 3141 539 3214 ‘vetustatem'
562 3160 599 3216 ut
620 3149 718 3214 verbo
742 3159 812 3215 utar
833 3151 1019 3234 Ratiehir),
1047 3150 1178 3216 nimium
1208 3159 1364 3237 quantum
1387 3147 1473 3214 dese·

320 3273 424 3318 ruere.
443 3289 479 3300 -
498 3251 597 3318 Aliud
619 3252 719 3317 sensit
740 3251 941 3335 Aristoteles,
967 3254 1022 3342 qui
1043 3275 1148 3340 neque
1170 3263 1318 3318 usturam
1341 3250 1477 3317 voluerit

319 3377 380 3420 nec
402 3376 523 3420 morem
547 3364 580 3419 et
597 3355 859 3421 cousuetudinem
884 3357 1023 3444 neglegi,
1047 3357 1102 3421 sed
1126 3356 1259 3420 alteram
1282 3377 1354 3420 cum
1376 3354 1476 3419 altera

319 3455 470 3544 coniungi
487 3465 518 3522 et
533 3457 667 3524 alteram
683 3457 723 3524 ab
739 3457 841 3523 altera
856 3460 1007 3548 suppleri,
1028 3460 1207 3546 imperante
1222 3458 1355 3524 ratione.
1379 3455 1475 3522 Nam·
1548 3495 1549 3504 κ

319 3579 382 3646 que
404 3579 424 3622 a
446 3559 570 3624 ratione
592 3559 671 3626 vidit
692 3583 766 3626 eum
788 3561 885 3626 finem
908 3561 1058 3649 proponi,
1089 3582 1183 3647 quern
1212 3583 1270 3647 pre
1297 3581 1356 3624 sua
1384 3570 1476 3648 perte

318 3682 356 3725 ac
371 3659 523 3726 facultate
539 3661 682 3748 singulus
698 3661 833 3749 quisque
848 3663 983 3751 adsequi
998 3663 1141 3745 deberet,
1164 3674 1232 3728 tum
1248 3663 1378 3728 omuino
1398 3664 1477 3728 veri-

317 3771 418 3828 tatem
447 3761 580 3848 exoriri,
611 3764 834 3850 qua“honeste
864 3765 980 3852 agendi
1008 3788 1158 3832 mensure
1180 3764 1310 3832 daretur
1333 3774 1366 3830 et
1387 3775 1476 3832 reete

318 3863 525 3950 intellegendi
558 3864 769 3953 perspicuitas
778 3867 815 3950 ³).
848 3905 884 3915 -
915 3866 1082 3934 Unitatem
1117 3867 1244 3954 quaerit
1270 3867 1475 3934 Aristoteles.

319 3963 456 4050 Propter
481 3969 550 4034 veri
578 3967 766 4034 inveniundi
796 3969 1003 4056 cupiditatem
1033 3993 1105 4035 cum
1135 3970 1305 4056 cogitando
1336 3970 1476 4059 denique

318 4089 449 4134 eausam
477 4079 658 4137 moventem
688 4081 942 4157 perscrutemur,
976 4072 1015 4137 ad
1043 4071 1193 4137 movendi
1221 4071 1379 4160 originem
1408 4095 1477 4162 per·

321 4235 519 4251 -μ--ι-ι

392 4317 401 4346 ,
559 4320 565 4332 .

390 4319 410 4470 'l
427 4317 689 4472 gitiicliiirilll’rnxis,
702 4423 726 4474 p·
741 4405 792 4462 178
806 4407 876 4473 (coll
891 4409 1060 4475 Verfassung,
1074 4411 1177 4476 Metto).

390 4489 409 4556 ³)
429 4489 469 4542 Gt.
484 4493 513 4554 ἐξ
527 4491 562 4546 28
574 4509 626 4560 sq.;
638 4493 674 4548 38
686 4509 724 4561 sq.
