3156 5246
603 427 813 492 ...35..

129 599 291 682 venimus,
318 598 403 666 unde
430 622 471 664 ex
499 601 610 666 Nostri
639 599 785 665 doctrina
815 621 922 664 rerum
952 597 1142 688 principium
1172 599 1226 684 (τὰ
1252 597 1286 668 τί

126 694 168 792 ἦν
190 693 336 771 εἶναιτὸ
360 703 534 795 πρῶτον),
553 703 607 767 ille
631 701 756 767 divinus
787 702 968 770 intellectus
994 701 1211 791 intellegendo
1240 727 1285 770 se·

128 817 195 872 met
217 805 321 891 ipsum
343 805 533 891 intellegens
561 807 653 887 (νοῦς
680 800 794 891 νόησις
815 800 961 893 νοήσεως
983 801 1127 895 νόησις),
1156 831 1287 895 eognos-

127 911 225 990 citur,
261 909 350 974 euius
377 907 493 973 suimet
523 907 623 994 ipsius
651 907 880 996 oontemplatio
906 931 1031 974 summa
1059 910 1159 975 virtus
1183 918 1287 976 estet

127 1033 252 1079 summa
279 1009 454 1076 beatitudo.
497 1011 553 1076 Sic
587 1033 715 1097 quoque
741 1011 774 1076 in
806 1011 943 1078 humano
966 1011 1131 1077 intellectu
1165 1011 1285 1100 aliquid

120 1114 225 1200 viget,
248 1135 407 1180 summum
428 1123 525 1200 atque
547 1114 738 1195 absolutum,
759 1111 792 1177 in
816 1136 878 1200 quo
902 1109 984 1202 ἀρχή
1006 1115 1063 1182 ναί
1083 1111 1193 1194 τέλος,
1221 1137 1286 1179 mo·

126 1216 223 1282 vendi
254 1216 326 1282 finis
357 1226 390 1280 et
417 1239 513 1281 eausa
546 1215 630 1282 unde
663 1225 811 1280 movetur
843 1215 876 1280 in
910 1239 1008 1282 unum
1043 1217 1238 1282 conveniunt
1257 1218 1283 1299 ).

128 1324 159 1384 A
193 1319 351 1406 principio
387 1317 472 1384 enim
508 1342 572 1384 non
615 1319 745 1384 dubium
782 1327 845 1400 est,
882 1341 980 1384 unum
1018 1307 1168 1405 idemque
1201 1317 1286 1405 apud

127 1422 283 1486 Nostrum
317 1419 441 1501 valere,
477 1421 563 1508 quod
596 1432 631 1487 ut
666 1422 784 1486 honum
816 1420 942 1508 agendo
978 1433 1010 1486 et
1043 1419 1215 1508 cogitando
1250 1429 1286 1485 ut

128 1547 239 1590 verum
277 1523 381 1596 animo
420 1522 707 1610 conprehenditur:
739 1515 829 1590 “oda
864 1517 998 1610 ἀγαθὸν
1034 1517 1284 1610 πολυκοιρανίη,

126 1617 177 1706 οἷς
197 1623 351 1714 κοίρανος
372 1620 475 1692 iuro?
510 1625 604 1708 (Met.
627 1625 647 1690 l.
669 1625 690 1689 l.
711 1647 740 1690 ο.
765 1623 870 1708 10).²)
914 1626 953 1694 Id
979 1626 1064 1712 quod
1087 1627 1120 1690 in
1142 1626 1285 1695 humanu

130 1730 319 1798 educatione
334 1751 447 1814 perum
464 1729 653 1792 observasse
674 1725 823 1794 videntur
847 1727 1035 1796 educatores
1051 1741 1084 1794 et
1097 1738 1286 1816 praecepto·

131 1854 193 1897 res.
224 1831 288 1899 Sed
305 1831 345 1896 de
362 1832 410 1896 his
426 1831 522 1896 rebus
538 1831 631 1916 plura
645 1830 678 1894 in
694 1829 777 1894 aliis:
800 1853 885 1898 nune
908 1853 985 1896 vero
1009 1841 1164 1918 quantum
1186 1853 1284 1896 unum

130 1932 206 1999 ittud
227 1935 268 2001 ad
290 1959 449 2002 summum
471 1935 667 2021 propositum
690 1931 835 2014 attineat,
857 1931 921 1998 iam
937 1933 998 1998 hac
1014 1933 1196 1998 Aristotelis
1218 1936 1301 1998 aen*

90 2094 93 2100 .
127 2037 229 2102 tentia
251 2036 443 2124 conprobari
465 2035 596 2122 poterit,
625 2045 691 2099 tam
724 2033 879 2098 eonoinne
901 2057 998 2120 quarn
1020 2034 1110 2100 brevi
1133 2057 1287 2124 expressa

127 2137 190 2218 (ib.
216 2141 322 2204 tutet
342 2140 414 2220 24):
445 2140 492 2225 uqi
514 2135 553 2204 ds*
574 2131 697 2224 πρώτῳ
726 2131 874 2202 ἐναντίον
894 2130 1010 2202 οὐθέν.
1037 2173 1080 2186 -
1109 2137 1196 2207 Nam
1217 2136 1287 2202 fieri

126 2238 228 2304 debet
256 2249 303 2322 ut,
337 2262 420 2328 quae
442 2240 531 2310 initio
559 2261 656 2326 qnam
678 2239 763 2304 inter
790 2261 825 2304 se
852 2239 948 2325 longe
971 2239 1090 2306 distent
1117 2237 1156 2306 ad
1183 2233 1287 2328 φύσει

124 2341 263 2426 πρῶτον
285 2353 317 2406 et
337 2341 376 2409 τὸ
398 2337 478 2430 ἡμιν
500 2344 650 2430 πρῶτον,
674 2363 738 2406 una
760 2340 900 2428 quodam
920 2341 1014 2408 modo
1038 2342 1230 2408 conveniant
1251 2341 1285 2408 in

124 2455 258 2510 aeterno
281 2454 390 2515 nostro
410 2443 633 2530 inmortalique
654 2443 819 2510 intellectu
828 2444 865 2526 ⁸).
903 2443 990 2508 Hinc
1013 2442 1097 2511 euim
1119 2445 1215 2510 homo
1238 2467 1286 2510 sa·

125 2547 219 2633 piens
243 2547 367 2630 dieitur,
390 2569 455 2634 qua
477 2569 540 2610 una
562 2545 629 2610 eius
650 2545 768 2612 virtute
790 2546 930 2612 omnium
945 2569 1072 2612 summa
1087 2546 1284 2612 continetur:

102 2698 104 2703 .
130 2657 228 2734 atque
250 2648 325 2714 inde
354 2650 519 2735 perficitur
544 2647 804 2714 illudedueandi
826 2671 940 2714 munus
963 2645 1075 2737 (ἔργον
1096 2647 1283 2732 παιδείας),

125 2749 181 2832 ita,
205 2762 240 2816 ut
262 2753 404 2818 moribus
427 2765 459 2816 et
481 2751 626 2818 doctrina
651 2750 684 2814 id
707 2751 792 2838 quod
824 2763 958 2818 naturae
981 2751 1063 2818 desit
1084 2764 1216 2840 optuma
1237 2774 1281 2816 ra·

127 2852 214 2918 tione
237 2854 434 2940 suppleatur.
465 2889 501 2902 —-

212 2955 274 3020 His
297 2957 392 3022 rebus
414 2957 558 3024 tractatis
580 2955 744 3043 proposito
768 2958 844 3022 satis
868 2957 989 3023 fuctum
1003 2977 1073 3022 esse
1088 2979 1148 3022 nee
1163 2967 1284 3022 restare

126 3057 270 3139 videtur,
298 3059 359 3122 nisi
383 3068 418 3122 ut
439 3069 583 3124 extreme
605 3068 697 3144 parte
721 3069 752 3122 et
775 3059 1003 3140 cortulusione„
1024 3081 1120 3145 quarn
1143 3059 1284 3124 breviter

126 3157 197 3224 fieri
221 3159 335 3246 possit,
363 3159 523 3245 disputata
546 3161 679 3245 singulis
702 3161 797 3226 rebus
819 3161 978 3226 illustrare
1005 3171 1038 3226 et
1059 3161 1181 3227 Nostro
1202 3160 1283 3227 duce

125 3273 292 3349 tamquam
317 3264 472 3351 exemplis
496 3275 528 3330 et
551 3264 748 3350 argumentis
771 3263 923 3349 conplere
945 3285 1105 3331 conemur.
1131 3300 1166 3310 -

202 3529 220 3596 ¹)
241 3529 282 3582 Cf.
296 3531 355 3582 Eth.
368 3531 426 3582 Nio.
444 3531 489 3594 VI,
508 3531 539 3593 63
558 3531 590 3582 de
603 3549 644 3583 an.
657 3532 706 3597 ΙΙΙ,
724 3531 742 3586 4
760 3531 810 3581 af.
831 3529 900 3594 (coll.
914 3528 1137 3597 'Prendelenburg,
1156 3546 1180 3582 a.
1193 3529 1224 3581 de
1237 3545 1278 3580 an.

123 3619 145 3668 Ι.
164 3617 181 3668 l.
196 3633 221 3684 p.
233 3617 285 3672 485
298 3618 347 3683 sq.)

160 3719 163 3726 ’
200 3705 220 3768 ²)
238 3705 277 3756 Gt.
289 3703 366 3754 Hom.
380 3705 411 3754 ΙΙ.
424 3705 454 3764 Β,
468 3703 520 3758 204
533 3705 647 3768 (eattde
659 3715 724 3774 part.
737 3723 778 3759 an.
791 3707 839 3770 ΙΙΙ,
852 3703 877 3758 4.
892 3703 965 3760 665ίν
978 3703 1030 3769 14).

201 3793 220 3856 ³)
240 3792 277 3843 Cf.
292 3793 305 3854 θ
319 3789 354 3844 24
366 3789 409 3854 (tle
420 3807 462 3842 un.
476 3793 523 3855 ΙΙΙ,
538 3793 578 3848 10.
592 3792 666 3848 addo
677 3795 732 3860 26).
