3154 5252
593 384 802 449 „13-

119 568 178 641 est,
200 579 258 628 sua
274 557 375 644 ipsius
391 575 492 642 opera
508 563 606 641 atque
621 553 778 620 industria
801 553 891 636 (Etb.
907 553 928 618 l.
944 553 966 616 l.
984 575 1010 616 c.
1026 552 1055 618 8.
1074 553 1122 617 10.
1138 553 1158 616 6
1174 559 1281 638 exta).
1306 604 1313 622 .

119 661 246 726 Bonum
262 668 298 724 ut
313 657 535 746 possideamus
551 655 780 744 acquirendum
797 665 860 720 est:
883 665 916 720 et
931 655 1117 742 acquirendi
1138 659 1282 744 (κτῆσις)

117 784 308 850 progressus
325 770 358 826 et
373 759 561 848 possidendi
584 760 729 846 (χρῆσις)
751 758 871 844 gradus
894 757 1028 824 eandem
1051 781 1178 824 rursum
1200 760 1283 826 inter

116 864 333 930 serationem
355 862 477 928 habent
499 884 582 949 quae
604 871 654 926 est
675 862 759 927 inter
780 860 924 925 habitum
946 857 1045 943 (ἕξιν)
1069 870 1102 926 et
1123 862 1281 928 actionem

117 965 319 1055 (ἐνέργειαν)
335 964 514 1051 (etiosa.
534 964 642 1029 1098b
657 964 698 1028 31
714 984 803 1050 sqq.;
829 961 939 1026 1099a
956 963 1008 1046 163
1032 963 1078 1028 M.
1094 963 1176 1030 Mor.
1190 966 1218 1046 I,
1234 969 1281 1048 4).

119 1069 289 1149 Quantum
310 1091 389 1134 vero
413 1068 454 1133 ad
476 1065 632 1132 educandi
654 1065 811 1130 rationem
833 1065 893 1130 hoc
915 1065 1041 1148 valeat,
1064 1087 1105 1130 ex
1128 1068 1190 1133 alio
1212 1069 1283 1134 loco

117 1193 198 1240 mox
221 1172 305 1255 (Pol.
320 1170 380 1252 IV,
400 1170 450 1234 13.
474 1169 641 1234 1332a23
663 1172 752 1254 sqq.)
776 1167 853 1232 satis
874 1167 959 1232 clare
982 1167 1132 1233 elucebit.
1178 1169 1284 1249 Quem

119 1275 164 1339 ad
186 1275 288 1340 finem
310 1271 373 1336 tria
394 1271 448 1336 illa
474 1293 595 1356 genera
621 1270 733 1356 paucis
761 1267 921 1354 attingere
942 1267 1067 1351 licebit,
1095 1270 1211 1356 quibus
1233 1295 1286 1359 pa-

119 1375 218 1442 randi
240 1373 376 1440 facultas
399 1373 577 1460 summique
599 1372 676 1437 boni
700 1370 827 1458 adeptio
850 1371 1042 1438 continetur.
1077 1371 1155 1437 Tria
1177 1373 1285 1442 dicun·

121 1489 177 1544 tur
200 1477 357 1542 bonorum
378 1477 591 1541 bumanorum
619 1495 754 1561 genera:
786 1475 871 1538 bona
895 1482 1044 1555 externa,
1073 1473 1159 1539 bona
1187 1476 1285 1542 animi

125 1588 161 1656 et
182 1579 323 1664 corporis
345 1578 434 1660 (Etb.
451 1577 493 1642 N.
511 1579 539 1660 I,
555 1579 590 1661 83
613 1577 685 1642 Pol.
700 1575 760 1658 IV,
779 1578 808 1640 1.
832 1576 945 1642 1323a
960 1577 1003 1642 25
1019 1578 1095 1664 sq.).
1125 1577 1286 1642 Externis

126 1680 221 1746 bonis
243 1682 335 1746 homo
358 1678 606 1746 beatusearere
628 1701 694 1744 non
721 1685 842 1764 potest,
872 1701 936 1743 non
966 1681 1069 1764 magis
1098 1702 1194 1766 quam
1220 1703 1288 1747 cer.

126 1781 214 1868 poris
235 1778 417 1846 valetudine
446 1791 479 1846 et
499 1780 717 1847 membrorum
746 1778 863 1844 robore
896 1781 991 1862 (Eth.
1014 1781 1057 1847 N.
1077 1781 1126 1861 X,
1145 1782 1181 1868 95
1215 1782 1286 1849 Pol.

123 1883 185 1965 IV,
205 1883 252 1947 13.
276 1883 386 1948 1332o
404 1885 471 1967 19).
509 1883 581 1950 Etsi
603 1882 697 1950 homo
720 1902 798 1948 vere
820 1882 972 1948 honestus
995 1908 1033 1950 ao
1060 1883 1180 1972 probus
1198 1907 1288 1950 num·

122 2007 224 2070 qnam
245 2007 377 2072 prorsus
399 1986 499 2051 miser
521 1985 660 2051 existere
681 1992 804 2071 potest,
832 1983 932 2049 nihilo
954 1996 1062 2052 tamen
1082 1987 1186 2052 minus
1210 1985 1290 2051 diffi-

120 2086 185 2150 cile
208 2095 306 2173 atque
328 2088 465 2156 arduum
488 2097 546 2170 est,
561 2124 603 2134 -
618 2086 679 2153 nisi
701 2087 784 2151 forte
805 2085 934 2152 omnino
949 2111 1014 2154 nou
1029 2098 1137 2176 potest
1149 2089 1230 2170 fieri,
1247 2125 1287 2136 -

123 2189 195 2254 sine
219 2190 370 2259 subsidiis
392 2201 424 2255 et
446 2190 637 2256 adiumentis
660 2188 781 2254 bonum
803 2211 842 2252 ac
864 2189 1012 2274 pulcrum
1043 2190 1172 2256 efficere
1196 2189 1288 2271 (Eth.

125 2292 171 2356 N.
186 2292 209 2356 l.
225 2293 247 2357 l.
274 2293 387 2358 1099a
402 2295 459 2379 31;
485 2294 590 2358 llOOb
605 2293 648 2356 30
663 2293 740 2377 sq.).
786 2289 850 2369 Qui
877 2301 1020 2356 secretus
1049 2291 1089 2356 ab
1112 2291 1289 2356 amicorum

125 2395 361 2462 consuetudine
388 2397 457 2461 siue
486 2394 571 2460 omni
597 2393 758 2458 hilaritate
789 2394 890 2459 vitam
920 2394 1023 2480 degit,
1057 2393 1145 2460 nullo
1178 2413 1290 2458 amore

127 2497 281 2584 nullaque
305 2498 439 2564 caritate
462 2497 554 2581 (Eth.
569 2496 612 2561 N.
627 2496 724 2578 VIII,
742 2499 777 2579 l;
799 2496 861 2578 IX,
877 2497 907 2560 9.
924 2499 995 2580 11),
1019 2496 1071 2561 vel
1094 2496 1145 2562 cui
1167 2495 1290 2561 Priami

126 2599 258 2664 fortuna
291 2609 340 2664 est
372 2599 578 2688 perferenda,
615 2620 688 2664 eum
716 2619 811 2664 nemo
840 2599 933 2664 bomo
965 2599 1210 2685 praedicaturus
1242 2606 1291 2662 est

126 2699 186 2783 (ib.
202 2701 231 2781 Ι,
249 2703 297 2766 11.
323 2702 433 2768 11010
447 2702 467 2766 6
483 2703 560 2788 sq.).
594 2701 742 2767 Alterum
764 2703 870 2768 locum
886 2701 949 2764 alia
963 2710 1076 2766 tenent
1090 2701 1184 2784 bona,
1208 2722 1291 2788 quae

125 2803 226 2869 unitis
253 2803 351 2868 animi
380 2804 588 2892 corporisque
610 2802 732 2868 viribus
755 2802 795 2868 ab
823 2802 1004 2868 hominibus
1027 2803 1237 2892 acquiruntur
1258 2802 1292 2868 in

126 2905 217 2970 vitae
233 2905 412 2972 actionibus
429 2917 460 2972 et
475 2908 634 2984 varietate
649 2905 707 2988 (ib.
721 2905 764 2985 X,
781 2907 802 2970 8
823 2906 895 2972 coll.
912 2905 940 2988 Ι,
957 2907 1008 2971 10.
1032 2907 1143 2972 1100o
1160 2909 1176 2971 1
1194 2906 1293 2993 sqq).

131 3005 259 3085 Quibus
292 3010 511 3075 crescentibus
544 3007 711 3094 diligentia
743 3009 869 3074 virtutis
898 3018 929 3074 et
951 3011 1034 3075 actio
1062 3017 1200 3096 augetur
1227 3031 1293 3074 una

133 3131 205 3174 curn
220 3108 417 3177 beatitudine
433 3133 518 3199 quae
532 3109 709 3200 percipitur
724 3111 816 3193 (Eth.
831 3111 875 3176 N.
892 3113 919 3194 Ι,
938 3112 978 3178 10
993 3110 1213 3194 coll.Pol.IV,
1224 3111 1291 3192 13).

136 3209 259 3276 Summi
283 3212 420 3300 denique
443 3215 519 3280 boni
543 3213 634 3296 (Eth.
650 3213 693 3277 N.
711 3213 755 3295 X,
771 3214 806 3298 Ἰ,
827 3214 855 3296 Ι,
874 3216 911 3279 11
929 3213 993 3299 sq.)
1015 3213 1043 3276 is
1064 3215 1225 3299 particeps
1241 3212 1294 3276 ha-

135 3311 235 3395 betur,
258 3313 313 3402 qui
337 3336 378 3379 ex
399 3316 510 3382 labore
532 3339 569 3381 ac
592 3314 796 3380 dimicatione
819 3314 859 3379 ad
881 3324 1018 3380 naturae
1040 3336 1116 3379 vere
1131 3315 1291 3379 humanae

131 3413 294 3500 fastigium
312 3417 418 3483 enisus
434 3438 472 3483 eo
487 3420 632 3507 perfecta
648 3416 765 3482 virtute
779 3418 883 3505 potuit
897 3417 1017 3500 venire,
1032 3425 1069 3482 ut
1083 3418 1148 3483 otio
1164 3426 1293 3504 optume
1403 3439 1405 3445 ·

128 3517 267 3582 fruatur.
324 3519 511 3608 Sapientiae
544 3518 673 3586 studere
709 3520 923 3607 studendique
956 3521 1095 3586 fructum
1127 3519 1293 3607 percipere

129 3616 297 3708 (θεωρία)
323 3622 465 3688 divinam
484 3621 588 3690 adfert
611 3622 855 3688 delectationem
877 3632 974 3709 atque
995 3622 1154 3710 integram
1178 3631 1211 3688 et
1232 3617 1305 3686 sin?

129 3745 241 3788 ceram
263 3726 462 3811 voluptatem
485 3725 542 3808 (ib.
558 3725 602 3808 X,
618 3727 636 3789 7
655 3734 738 3790 extr.
755 3725 827 3790 coll.
842 3721 922 3808 Le)
929 3725 964 3807 ¹).
995 3725 1202 3812 Voluptatem
1217 3747 1294 3790 vero

129 3824 231 3890 docet
253 3826 446 3892 Aristoteles
472 3849 510 3892 eo
539 3827 740 3915 potissimum
764 3827 880 3913 cuique
908 3828 1056 3914 praeberi
1078 3827 1164 3914 quod
1187 3850 1296 3894 amore

128 3927 271 4016 quisque
295 3953 333 3994 ac
356 3928 523 4018 diligentia
543 3931 684 3996 maxime
705 3929 944 4016 conplectatur,
973 3954 1037 3997 noo
1067 3932 1155 3997 velut
1178 3930 1295 4019 adpen-

129 4029 241 4096 dicem
264 4032 425 4118 quandam
449 4028 579 4121 (ὥσπερ
600 4027 792 4118 περιόπτου
813 4025 998 4117 τινός...)
1021 4035 1078 4102 scd
1100 4033 1150 4118 (ἐν
1172 4029 1295 4124 ἑαυτῷ)

129 4155 195 4220 per
210 4133 317 4221 ipsum
332 4136 475 4222 vigorem
488 4171 529 4182 —
541 4131 708 4222 ἐνέργειαν
720 4135 978 4202 —beatitudinis
1001 4138 1059 4219 (ib.
1085 4139 1195 4204 1099a
1210 4138 1230 4202 8
1246 4161 1294 4224 sq.

130 4234 208 4301 coll.
224 4235 268 4318 X,
285 4239 315 4301 4.
341 4239 448 4304 ntea
467 4240 505 4302 12
521 4240 594 4325 sq.).
630 4239 744 4325 Itaque
759 4237 804 4320 fit,
827 4248 863 4304 ut
885 4262 984 4306 unum
1008 4240 1100 4306 nobis
1122 4243 1164 4306 sit
1186 4240 1295 4304 vivere

212 4465 230 4528 ¹)
250 4466 312 4516 Met.
326 4464 385 4526 xrs,
400 4468 423 4512 ι.
444 4463 535 4516 romu
553 4469 593 4515 νι.
