3154 5252
609 447 817 512 ..χχ-

132 622 235 702 Quem
258 621 298 688 ad
320 621 417 686 finem
442 642 480 685 eo
502 619 686 707 diligentior
708 621 830 686 teneris
853 642 930 686 cure
952 619 1135 690 adhibenda
1157 634 1205 690 est
1228 649 1292 712 quo

132 726 233 812 magis
256 725 411 791 infantiae
436 733 542 790 aetate
565 734 597 790 et
619 725 725 790 animo
742 733 774 788 et
792 746 926 810 corpore
948 723 1079 810 fragiles
1098 737 1172 793 sunt
1194 738 1292 815 etque

132 828 170 892 ad
199 829 297 894 enimi
324 827 556 893 commotiones
585 826 683 909 (seed
709 820 827 904 πάθος
854 824 928 914 ζῇν)
958 827 1060 913 magis
1088 829 1231 896 inclinati
1259 841 1292 896 et

130 931 356 1018 propensiores
372 930 465 1013 (Eth.
478 930 520 995 N.
532 930 558 1011 Ι,
576 933 592 995 1
611 941 692 998 extr.
720 931 792 997 cell.
807 929 905 994 Rhet.
915 929 959 1010 ΙΙ,
971 929 1037 1010 12).
1065 931 1149 998 Nam
1164 935 1291 998 tametsi

128 1037 225 1101 homo
246 1034 311 1099 illis
334 1033 458 1098 duabus
487 1054 527 1096 ex
554 1034 700 1119 partibus
724 1056 794 1099 esse
805 1035 829 1112 ¹)
852 1071 895 1080 -—
917 1027 1080 1100 σύνθετον
1103 1071 1143 1081 -
1165 1035 1292 1102 videtur

129 1137 221 1219 (Eth.
237 1138 280 1202 N.
298 1137 342 1217 X,
359 1139 378 1200 8
394 1135 470 1217 in.):
498 1135 622 1202 intuma
644 1147 750 1203 tamen
777 1138 862 1202 inter
888 1134 1028 1200 animum
1054 1146 1086 1200 et
1108 1161 1225 1224 corpus
1249 1140 1292 1202 vi·

128 1239 283 1305 cissitudo
308 1238 466 1325 quaedam
488 1237 672 1322 intercedit,
696 1262 813 1326 nempe
838 1237 950 1304 eadem
972 1237 1110 1320 ratione,
1139 1262 1232 1326 quae,
1256 1251 1292 1306 nt

128 1342 175 1407 ait
195 1340 403 1423 Aristoteles,
430 1339 513 1406 inter
539 1341 706 1408 materiem
733 1337 844 1429 (ὕλην)
868 1351 916 1406 est
944 1350 976 1405 et
1001 1342 1135 1406 formam
1159 1333 1292 1425 (εἶδος),

130 1446 216 1510 inter
239 1443 412 1532 potentiam
435 1437 608 1532 (dducam)
638 1455 669 1509 et
698 1455 805 1511 actum
832 1443 1031 1531 (ἐνέργειαν,
1061 1441 1290 1530 ἐντελέχειαν),

131 1569 199 1635 qna
222 1557 254 1610 et
277 1547 383 1611 oculus
406 1546 558 1611 materiae
581 1549 669 1612 visus
691 1557 723 1614 et
745 1548 832 1613 visus
855 1548 938 1614 oculi
966 1549 1072 1614 anima
1099 1548 1203 1639 (ψυχή

135 1642 272 1736 αὗτοῦἡ
291 1641 371 1740 siquis
391 1648 430 1712 de
446 1671 496 1714 an.
514 1649 560 1732 ΙΙ,
580 1652 613 1732 1)
641 1649 703 1714 dici
718 1649 870 1738 potest²).
886 1689 927 1700 —
942 1651 1047 1716 Nemo
1064 1652 1147 1716 enim
1162 1652 1290 1738 ignorat

135 1754 216 1817 hanc
231 1751 408 1816 Aristotelis
425 1775 523 1838 quam
539 1753 665 1818 animae
683 1752 771 1819 dedit
787 1754 822 1836 (l.
840 1753 860 1817 l.
876 1755 969 1820 elne
984 1755 1039 1838 19)
1064 1754 1289 1837 definitionem,

130 1879 195 1942 qna
207 1855 311 1920 anima
322 1855 477 1942 perfectio
491 1853 707 1938 (ἐντελέχεια)
730 1857 846 1922 dicitur
861 1880 930 1922 esse
943 1866 975 1921 et
988 1879 1026 1922 ea
1043 1858 1171 1945 quidem
1186 1859 1290 1946 prima

128 1953 368 2044 (ἐντελέχειαν)
388 1954 503 2047 πρώτη
524 1954 679 2043 σώματος
694 1962 853 2048 φυσικοῦ)
877 1959 1020 2046 corporis
1041 1971 1157 2026 natura
1179 1961 1290 2046 geniti,

124 2062 272 2150 petentia
292 2063 392 2128 vitam
414 2063 562 2129 habentis
590 2059 747 2147 (δυνάμει
775 2062 861 2152 ζωήν
884 2058 1015 2146 ἔχοντος
1035 2084 1060 2128 ε.
1085 2057 1288 2151 ὀργανικοῦ),

124 2165 217 2231 cuius
248 2166 378 2253 quidem
405 2177 514 2253 partes
542 2177 616 2232 sunt
643 2169 866 2233 instrumenta.
900 2204 937 2213 -
966 2167 1141 2234 Notionem
1164 2168 1290 2254 quaerit

124 2269 249 2333 Noster
272 2292 369 2355 quem
396 2271 536 2335 maxime
564 2271 789 2336 universalem.
839 2270 958 2334 Anima
981 2279 1045 2350 est,
1073 2280 1109 2334 ut
1137 2271 1193 2351 ait,
1223 2292 1288 2335 non

127 2374 230 2437 solum
256 2373 399 2459 eorporis
421 2374 576 2460 perfectio
605 2371 837 2457 (ἐντελέχεια),
868 2372 924 2437 sed
953 2395 992 2437 ea
1021 2372 1116 2436 etiam
1146 2373 1289 2459 corperis

128 2474 262 2562 eiusque
283 2476 422 2561 partium
445 2477 615 2564 perfectio,
644 2501 727 2566 quae
751 2487 800 2542 est
821 2478 925 2565 prima
947 2471 1107 2563 (πρώτη),
1138 2499 1201 2563 qua
1223 2475 1290 2562 qni·

130 2577 201 2642 dem
223 2579 313 2644 nulla
335 2589 383 2643 est
405 2578 468 2644 alia
490 2581 660 2646 animantis
683 2581 783 2670 prior,
804 2605 877 2646 cum
900 2579 946 2644 illi
961 2588 1124 2666 tamquam
1141 2603 1159 2643 a
1175 2578 1288 2665 princi·

125 2679 180 2768 pio
201 2681 279 2746 insit
301 2681 403 2747 omnis
423 2682 553 2748 vivendi
576 2683 759 2772 agendique
773 2693 916 2772 potestas
936 2693 969 2748 et
989 2684 1091 2748 omnis
1113 2680 1287 2763 crescendi,

125 2783 297 2866 sentiendi,
321 2784 549 2873 cogitandique
571 2787 717 2853 facultas.
734 2826 775 2836 -
792 2789 902 2874 Atque
917 2780 990 2851 ideo
1006 2786 1196 2852 Aristoteles
1215 2784 1287 2850 edu-

125 2897 271 2952 catorem
285 2889 337 2952 vel
353 2887 399 2953 rei
415 2889 562 2976 publicae
578 2893 767 2977 magistrum
791 2883 997 2974 (πολιτικόν)
1021 2898 1053 2953 et
1069 2888 1286 2976 legislatorem

127 2989 346 3077 (νομοθέτην)
358 2990 473 3055 medici
483 2993 585 3058 instar
601 3017 665 3060 nen
678 2995 780 3059 solnm
798 2994 963 3058 materiem
978 2993 1145 3059 sedetiam
1161 2993 1287 3057 animae

126 3097 288 3161 humanae
300 3096 396 3160 vitam
409 3105 440 3159 et
451 3106 598 3162 naturam
611 3097 771 3184 cognitam
784 3107 816 3162 et
827 3107 1011 3186 perceptam
1023 3097 1141 3162 habere
1153 3096 1232 3160 vult.
1247 3131 1283 3142 -

130 3199 196 3281 (cf.
213 3197 342 3264 man.
360 3198 385 3279 1,
408 3198 457 3261 13.
485 3199 731 3288 1102a18sq.)

218 3344 264 3407 14.
300 3339 385 3408 Sunt
405 3343 489 3408 enim
513 3345 574 3408 tria
597 3346 682 3434 apud
706 3343 915 3412 Aristotelem
939 3346 1023 3426 (Pol.
1045 3343 1105 3426 IV,
1124 3343 1163 3406 15
1185 3321 1283 3423 exii.)

128 3470 213 3534 quae
225 3470 264 3511 ex
278 3447 417 3511 omnium
434 3446 643 3513 animantium
661 3449 773 3514 ordine
790 3458 821 3513 ct
837 3469 1009 3536 progressu
1024 3482 1060 3492 -
1073 3445 1104 3509 in
1122 3444 1285 3510 hominum

124 3549 242 3616 animis
266 3559 297 3613 et
311 3559 426 3614 natura
447 3561 613 3638 tamquam
636 3552 806 3616 facultates
829 3544 1018 3634 (δυνάμεις)
1034 3584 1076 3595 -
1098 3547 1212 3612 latiore
1235 3570 1285 3611 ve·

123 3653 232 3719 cabnli
255 3674 350 3748 sensu
379 3690 420 3698 —
445 3653 733 3741 distinguuntur⁸):
765 3679 862 3720 unum
887 3652 1016 3741 quidem
1038 3650 1077 3718 td
1099 3644 1287 3738 desuetudo

122 3758 204 3825 illud
229 3755 461 3840 (nutritivum),
485 3755 524 3820 ad
544 3757 629 3844 quod
653 3760 817 3825 nutriendi
839 3783 903 3824 non
925 3757 1019 3822 modo
1043 3757 1100 3820 sed
1124 3756 1219 3820 etiam
1241 3754 1285 3818 in-

123 3861 291 3928 crescendi
315 3871 346 3925 et
374 3859 587 3926 conservandi
615 3863 755 3950 pertinet
777 3861 912 3927 facultas
942 3861 997 3943 (dc
1021 3883 1070 3924 an.
1093 3859 1140 3941 ΙΙ,
1164 3865 1179 3923 1
1212 3859 1284 3922 coll.

123 3967 202 4031 Eth.
218 3965 261 4030 N.
278 3965 304 4048 I,
320 3964 351 4029 6.
378 3966 484 4029 109Ιὸ
500 3965 541 4030 34
558 3967 654 4053 sqq),
676 3976 839 4052 tamquam
854 3965 886 4030 in
903 3965 1009 4029 anima
1024 3961 1189 4048 vegetanti
1213 3985 1284 4026 con-

122 4069 240 4134 sistens
263 4068 413 4134 universe
440 4067 578 4134 traditur
605 4068 738 4155 plantis,
768 4067 876 4133 bestiis
905 4065 1087 4133 hominibus
1115 4087 1284 4131 commune

200 4293 218 4354 ¹)
237 4293 275 4343 Cf.
289 4293 352 4345 Met.
366 4297 427 4360 VII,
442 4295 484 4347 11.
504 4295 596 4351 1037a
609 4295 626 4348 5
638 4311 695 4362 sqq.

200 4379 218 4443 Ι)
239 4382 276 4435 Cf.
290 4383 504 4452 Trendelenbnrg
517 4401 540 4436 a.
554 4384 601 4433 1.1.
622 4383 711 4448 (Arist.
727 4381 750 4433 d.
765 4399 806 4433 an.
820 4398 845 4448 p.
858 4382 910 4435 318
923 4383 998 4448 sqq).

198 4465 218 4522 3)
237 4469 274 4520 Of.
289 4471 348 4521 Eth.
361 4473 392 4523 N.
406 4471 428 4536 I,
442 4471 489 4541 133
508 4471 539 4524 de
552 4489 593 4524 an.
607 4471 684 4538 11,3;
704 4471 789 4536 111‚3.
807 4469 880 4524 427Ιν
894 4470 910 4526 6
925 4469 994 4534 (coll.
1007 4469 1222 4536 'l'rendelenbnrg
1233 4469 1250 4520 l.
1264 4469 1282 4522 1.

121 4573 148 4626 p.
165 4555 217 4610 148
230 4558 287 4623 sq).
