3156 5246
615 423 824 487 ..83-

132 617 269 683 quorum
295 595 394 660 verba
417 594 479 657 huc
501 590 628 657 adferre
661 593 763 675 nolui,
797 614 838 658 ne
869 593 996 677 longius
1028 589 1196 662 viderere
1218 621 1287 685 pro·

131 699 234 786 posito
258 693 483 782 discedere.]¹)
520 733 556 749 ψ
590 695 683 774 Quae
715 706 822 760 autem
857 719 928 760 cum
958 697 1004 762 ite
1029 697 1095 762 sint
1122 707 1154 764 et
1177 725 1285 788 qnam·
1351 761 1354 768 .

128 801 178 868 via
205 803 358 864 humana*
372 809 487 862 natura
510 821 582 862 oum
605 799 660 863 illa
683 797 849 862 divinant
878 796 1016 863 videtur>
1031 798 1087 864 vix
1116 805 1284 890 conparari

128 903 249 967 nedum
273 901 401 989 aequari
424 901 543 987 possitr
574 909 680 964 tamen
704 898 768 980 dei,
796 910 833 963 ut
859 899 905 964 ita
929 899 1047 983 dicam,
1077 901 1286 972 intellectioui

128 1015 163 1070 et
185 1004 302 1068 actioni
325 1013 469 1068 nostrum
491 1002 612 1090 aliquid
641 1000 829 1089 respondet,
856 1000 941 1066 unde
969 1001 1009 1068 ed
1036 1005 1285 1074 illamdivinam

125 1107 358 1195 praestantiam
380 1105 474 1192 quasi
494 1107 607 1170 tollere
629 1127 687 1169 nos
710 1114 743 1166 et
764 1127 932 1190 possumus
955 1113 987 1168 et
1007 1104 1170 1172 debemus.
1214 1110 1286 1176 Nec

129 1220 178 1274 est
201 1208 287 1274 aliud
309 1209 370 1274 nisi
393 1208 536 1274 doctrina
558 1216 591 1272 et
614 1206 794 1293 discipline,
816 1230 881 1294 qna
904 1206 1049 1272 homines
1072 1207 1112 1274 ad
1133 1211 1211 1276 illud
1234 1213 1287 1280 ad·

130 1313 277 1376 mirabile
306 1311 430 1398 aliquid
463 1305 692 1394 (θαυμαστόν)
726 1307 956 1395 adspirandum
988 1310 1110 1376 institui
1141 1311 1285 1400 possunt.

129 1415 215 1480 Nam
240 1415 325 1501 quod
348 1416 444 1478 deum
467 1415 544 1478 dicit
564 1435 630 1476 non
653 1411 843 1497 acquisitum
869 1411 989 1476 habere
1004 1413 1060 1479 sed
1076 1413 1181 1501 ipsum
1204 1437 1284 1500 esse,

127 1519 162 1582 id
185 1517 276 1581 nobie
300 1528 455 1604 quantum
487 1515 645 1603 possimus
676 1537 799 1579 eumma
825 1515 943 1577 virtute
976 1537 1125 1600 paremus
1152 1539 1286 1584 necesse

131 1631 190 1703 est,
213 1631 342 1706 optume
359 1619 481 1684 scilicet
502 1617 630 1684 vivendi
647 1617 872 1681 conditionem.
891 1651 928 1666 »ψ
945 1617 1062 1705 Itaque
1078 1619 1286 1688 educatorem

132 1745 202 1787 esee
216 1733 248 1788 et
261 1745 308 1786 ιιι
299 1723 472 1810 publicae
488 1729 698 1801 rectorum,u
678 1719 823 1783 utaentit
837 1719 919 1783 Nost
907 1730 956 1784 ter
978 1721 1063 1803 (Pol.
1080 1721 1140 1803 IV,
1156 1723 1249 1788 3
1192 1747 1217 1788 s
1232 1725 1284 1807 f,.)

133 1822 175 1888 ad
197 1845 303 1890 earum
325 1846 433 1888 rerum
457 1823 699 1909 occupationem
728 1821 850 1886 animos
880 1822 1056 1908 adpellere,
1086 1846 1168 1911 quae
1195 1825 1285 1912 ipsae

129 1928 293 2013 perfectae
315 1921 533 2009 (αὐτοτελεῖς)
556 1933 630 1990 sunt
653 1935 685 1988 et
705 1924 780 1988 insti
780 1909 872 1990 tbere
889 1947 941 1990 eas
957 1946 1039 2032 quae
1058 1927 1199 2013 ipsarum
1216 1949 1286 2014 gra

127 2028 172 2091 tia
195 2029 418 2114 suscipiundae
441 2041 530 2110 sunt,
561 2025 847 2111 contemplationes
876 2029 936 2089 et
928 2049 961 2090 nr
960 2025 1124 2114 tet‘llegen
1117 2051 1167 2094 rae
1190 2041 1242 2095 act
1243 2032 1286 2095 io·

126 2151 203 2192 nes:
224 2123 325 2213 ἡιᾶρ
342 2125 505 2216 εὐπραξία
519 2124 668 2208 τέλος,
648 2123 733 2191 edoce
747 2149 803 2190 και
795 2125 939 2215 πρᾶξίς
952 2152 1004 2208 τις
1019 2130 1201 2210 (ιιι.1325ι
1216 2133 1284 2214 21).

126 2232 215 2313 Iam,
243 2233 360 2319 inquit,
388 2233 421 2298 in
442 2235 538 2299 rebus
565 2230 701 2318 publicis
728 2251 786 2314 pro
816 2233 975 2295 communi
1001 2232 1105 2297 salute
1125 2233 1194 2298 fieri
1216 2258 1280 2300 non

123 2337 250 2420 nequit,
273 2346 309 2399 ut
330 2335 395 2399 tale
417 2333 537 2422 aliquid
560 2333 730 2417 suiipsius
753 2331 858 2416 gratia
880 2343 1012 2420 agatur,
1036 2334 1068 2402 id
1092 2332 1178 2422 qnod
1201 2337 1285 2401 simi·

124 2437 202 2500 liter
223 2446 369 2502 nostrum
392 2438 519 2524 singulo
543 2435 659 2521 cuique
674 2434 859 2499 attributum
877 2445 939 2500 est:
962 2457 1044 2523 quae
1059 2437 1093 2500 ni
1107 2436 1153 2502 ita
1168 2449 1283 2522 essent,

125 2575 169 2586 —
184 2549 219 2602 ut
234 2539 400 2626 praeclare
417 2539 553 2618 additur,
571 2573 608 2583 -
625 2535 681 2600 vix
703 2536 812 2623 pulcre
828 2557 862 2600 ee
877 2537 1013 2602 haberet
1032 2539 1111 2603 deus
1128 2549 1160 2604 et
1182 2541 1283 2606 omnis

128 2640 266 2706 mundus
290 2641 410 2730 (σχολῇ
431 2641 491 2728 γὰρ
515 2633 555 2705 dv
576 2632 693 2716 ὁθεὸς
715 2635 784 2719 ἔχοι
806 2639 915 2718 καλῶς
936 2639 992 2706 καὶ
1014 2644 1081 2720 πᾶς
1099 2635 1117 2707 ὃ
1134 2635 1283 2727 κόσμος),

126 2743 243 2828 quibus
258 2743 346 2807 nulla
361 2752 436 2808 sunt
453 2753 606 2807 externae
621 2743 763 2806 actiones
787 2739 994 2828 (ἐξωτερικαὶ
1015 2739 1171 2829 πράξεις)
1193 2767 1284 2833 prae-

126 2855 178 2908 ter
210 2845 353 2932 ipsorum
386 2846 533 2932 proprias
567 2855 664 2930 atque
697 2843 931 2928 domesticas’).
966 2883 1003 2896 -
1038 2847 1114 2913 Huc
1145 2847 1283 2936 deniqne

125 2959 251 3032 spectat
265 2948 298 3012 id
315 2949 399 3035 quod
416 2947 522 3012 Ethic.
537 2947 610 3012 Nic.
634 2947 670 3028 (l.
691 2948 713 3010 l.
730 2947 773 3030 X,
794 2949 825 3012 8.
851 2951 955 3014 ntae
970 2949 1011 3014 27
1028 2954 1092 3038 sq.)
1114 2961 1180 3016 tam
1204 2951 1282 3034 reite

126 3071 225 3136 quam
254 3049 411 3114 subtiliter
440 3049 568 3115 dicitur:
604 3049 663 3112 diis
690 3049 911 3116 inmortalibus
941 3075 1069 3118 omnem
1091 3053 1189 3118 vitam
1213 3075 1283 3118 esse

127 3151 271 3234 beatam,
313 3153 494 3218 hominibus
529 3147 719 3239 (tamquam
743 3151 802 3216 diis
834 3153 1087 3237 inmortalibus),
1126 3163 1283 3239 qnatenus

126 3253 336 3320 simulacrum
369 3255 529 3342 quoddam
558 3248 730 3338 (ὁμοίωμά
750 3257 799 3336 τι)
830 3257 901 3320 talis
924 3257 1057 3320 actionis
1086 3255 1125 3318 iis
1153 3254 1283 3318 attribu·

126 3367 197 3420 tum
231 3356 280 3420 eit.
333 3355 449 3442 [Quem
478 3359 518 3421 ad
549 3358 654 3422 locum
683 3358 760 3444 quid
788 3357 847 3422 sibi
871 3357 990 3420 Zellius
1018 3379 1088 3420 cum
1120 3355 1189 3420 aliia
1215 3355 1237 3419 l.
1260 3356 1280 3419 l.

124 3460 360 3543 repugnantiae
379 3459 505 3541 viderit,
529 3482 587 3523 nec
612 3460 666 3524 ille
686 3469 836 3524 accurate
855 3458 1030 3544 disputavit
1051 3481 1111 3522 nec
1133 3457 1281 3545 equidem

123 3561 314 3646 intellegere
336 3558 523 3646 possum.]³)
567 3562 670 3626 Immo
698 3583 775 3625 vero
810 3560 850 3623 ad
878 3581 975 3623 unum
997 3560 1105 3624 omnia
1126 3570 1281 3647 spectant,

125 3661 223 3726 finem
254 3659 325 3726 dieo
353 3663 566 3748 propositum,
600 3685 694 3750 quem
723 3664 867 3750 quamvis
890 3661 1043 3726 certando
1064 3662 1281 3748 luctandoque

125 3762 289 3850 adpetere,
310 3764 463 3828 discendo
480 3773 512 3828 et
526 3765 747 3852 cognoscendo
771 3764 903 3850 adsequi
924 3767 1098 3847 videamur,
1121 3765 1280 3852 gradatim

126 3888 245 3953 nempe
272 3889 331 3954 pro
358 3868 475 3932 virtute
504 3867 596 3932 unius
625 3867 777 3953 cuiusque
806 3876 960 3932 nostrum.
1004 3869 1048 3932 Et
1075 3867 1108 3932 in
1135 3869 1204 3957 ipso
1226 3871 1280 3936 ad-

128 3971 293 4056 sequendo
323 3991 395 4034 eum
423 3967 506 4032 actio
535 3969 700 4048 consistat,
729 3978 797 4034 tum
830 3991 894 4034 una
919 3969 1001 4034 inest
1030 3989 1107 4035 vera
1132 3972 1280 4060 voluptas

202 4239 260 4302 ¹0)
261 4238 378 4290 1⁴..Schol
393 4237 431 4288 ed.
445 4237 525 4288 Acad.
539 4253 563 4302 p
577 4236 648 4290 &0512
661 4235 696 4290 36
709 4253 764 4302 sqq.
778 4237 838 4290 ber
858 4240 911 4301 (fol.
926 4239 978 4304 14).

201 4325 279 4389 ²)De
291 4326 362 4376 verb.
375 4332 457 4376 note
443 4323 708 4389 ιιΤΛιιιιιιιιιιιιις
722 4325 786 4373 ude
800 4341 840 4374 an.
855 4341 945 4376 comm.
958 4343 983 4392 p.
994 4326 1046 4381 116
1056 4344 1095 4394 sq
1109 4328 1173 4392 149,
1192 4327 1277 4388 Stehr,

128 4415 209 4464 Arist.
222 4413 257 4476 ΙΙ,
270 4411 334 4475 2ι2;
347 4413 441 4474 Waitn,
456 4427 511 4478 erg.
524 4428 549 4477 p
562 4408 615 4463 214
627 4424 680 4475 sq
694 4407 786 4472 Zeller,
800 4409 869 4462 Phil.
884 4412 907 4465 ιι.
921 4413 965 4464 Gr
979 4413 1004 4462 ιι
1007 4413 1080 4481 ,2ιι
1094 4413 1196 4482 95sqq.

205 4499 307 4563 puell,
321 4501 399 4550 Arist.
414 4500 473 4550 ath
487 4500 517 4550 N
531 4515 555 4564 p
568 4493 627 4550 462

1037 4585 1080 4648 6*
