3156 5246
642 436 847 500 ..99-

166 627 205 672 eo
221 603 312 693 qued
335 607 489 692 perfeeto,
510 607 532 671 i.
547 629 574 671 e.
597 607 740 693 periente
762 609 902 688 ratione,
924 607 1042 674 virtuts
1064 615 1172 672 utetur
1195 607 1268 688 (1.1,
1283 608 1315 671 3.

170 709 331 774 lutuno
349 710 452 796 sqq.):
478 704 591 776 enisio
609 704 757 793 μάλιστα
778 703 887 798 deensi,
911 703 1176 796 &aestetensis
1197 702 1317 796 ἀρετῆς

165 807 276 898 χρῆσίς
297 807 389 878 iusta
397 813 432 894 ¹).
476 811 537 878 Est
559 812 642 880 enim
665 835 703 878 ea
729 812 850 878 iustitia
876 822 972 899 atque
999 811 1113 892 vietus,
1136 811 1228 878 euius
1248 812 1315 879 vim

166 913 347 1000 exprimere
370 913 425 997 (τὸ
445 913 563 998 μέσον)
592 914 674 982 ratio
696 914 750 980 iila
772 915 840 980 sine
862 913 1035 1001 eupiditate
1058 903 1153 995 (diseo
1174 907 1315 1000 ὀρέξεως

165 1017 258 1098 νοῦς)
286 1015 427 1098 videtum,
454 1017 601 1082 nimirum
625 1017 678 1084 lex
712 1018 769 1099 (ef.
794 1017 864 1083 Pol.
883 1018 954 1098 ΙΙΙ,
977 1017 1025 1081 16.
1056 1015 1230 1084 lentato
1248 1040 1315 1104 σιμ

163 1121 216 1184 bd
227 1119 309 1206 sq.):
333 1112 352 1186 ὁ
367 1115 539 1205 γᾶρνόμος
549 1118 589 1186 τὰ
598 1119 712 1201 μέσον.
744 1119 840 1186 Ratio
851 1129 884 1184 et
894 1119 947 1184 lex
958 1141 1193 1186 nonsummum
1208 1141 1315 1186 rerum

163 1219 345 1308 gubernare
358 1231 393 1287 et
405 1222 573 1288 moderare
593 1221 711 1286 debent
731 1221 792 1305 (ib.
807 1223 910 1304 α28);
934 1215 953 1288 ὁ
973 1219 1035 1304 μὲν
1055 1212 1115 1288 osis
1134 1220 1194 1288 τὸν
1213 1216 1317 1304 νόμον

164 1317 309 1390 nodedum
335 1315 446 1412 ἄρχειν
473 1325 565 1391 δοκεῖ
588 1320 737 1392 κελεύειν
762 1317 873 1410 ἄρχειν
896 1321 956 1390 etv
976 1321 1062 1391 θεὸν
1083 1322 1141 1390 eoi
1159 1322 1219 1390 edu
1239 1326 1318 1390 νοῦν

164 1421 305 1508 μόνους.
325 1420 347 1492 ὁ
367 1423 399 1493 δ’
415 1419 602 1516 ἅνθρωποι
621 1423 763 1496 κελεύων
777 1423 982 1514 προστίθησι
1002 1425 1060 1493 ani
1078 1422 1215 1513 θηρίον·
1238 1423 1261 1513 ἥ
1279 1451 1316 1492 τι

165 1526 228 1614 γὰρ
249 1526 417 1612 ἐπιθυμία
435 1533 599 1610 τοιοῦτον,
621 1531 678 1598 καὶ
694 1526 714 1599 ὁ
730 1529 841 1615 θυμὸς
862 1523 1020 1616 ἄρχοντας
1041 1528 1238 1617 διαστρέφει
1258 1529 1317 1596 καὶ

166 1630 243 1710 τούς
270 1625 423 1718 ἆρίπους
448 1625 615 1722 depae).
664 1635 785 1722 Itaque
805 1632 921 1700 iterum
944 1633 1062 1698 Nostro
1089 1641 1221 1702 austere
1241 1632 1317 1701 hino

168 1735 327 1800 censebis:
347 1735 433 1802 unde
456 1735 602 1802 educatio
625 1736 704 1816 exit,
728 1759 766 1802 eo
789 1734 927 1824 quodem
953 1733 1049 1800 modo
1072 1735 1251 1800 reuertitur.
1276 1773 1312 1782 —

168 1836 272 1902 Nemo
305 1838 432 1925 quidem
465 1839 562 1904 homo
594 1841 727 1924 negabit
761 1838 913 1904 virtutem
944 1836 1019 1902 inde
1048 1859 1112 1902 una
1141 1837 1316 1924 conprendi

169 1959 248 2020 earn,
272 1961 355 2026 qnae
375 1940 419 2004 ab
432 1941 605 2006 Aristotele
627 1943 786 2006 communi
800 1939 930 2008 nomine
944 1937 1116 2024 prudentie
1136 1937 1317 2027 adpeilotnr

165 2035 355 2125 (φρόιισις)
377 2063 470 2128 quae,
493 2053 528 2108 ut
550 2041 676 2128 singula
696 2042 878 2108 asporatius
892 2042 945 2106 hie
961 2040 1143 2106 discernere
1159 2041 1315 2122 omittam,

165 2161 239 2206 enm
265 2141 414 2206 universe
441 2143 610 2210 adomnia
636 2153 669 2209 et
690 2145 779 2209 varia
799 2143 846 2210 rei
867 2141 1015 2228 pubiieae
1037 2163 1171 2208 munera
1192 2153 1316 2230 spectet

165 2242 259 2322 (Eth-
274 2241 347 2308 Nic.
362 2244 421 2325 VI,
436 2245 456 2309 8
476 2269 500 2310 a
516 2247 565 2329 f.),
589 2245 733 2334 eius-qui
754 2257 882 2334 praeest
903 2244 973 2310 sola
991 2243 1034 2309 sit
1051 2252 1083 2308 et
1106 2241 1236 2330 propria
1255 2247 1316 2310 vir·

165 2354 219 2410 tus
248 2345 334 2427 (Pol.
359 2345 430 2428 111,
454 2352 487 2410 4.
517 2350 621 2414 lutto
641 2350 698 2414 25:
733 2343 754 2436 ἡ
785 2347 824 2416 dd
852 2341 1011 2434 φρόνησις
1040 2337 1196 2431 depones
1226 2341 1315 2424 ἰ’ὀιος

163 2439 268 2534 ἀρετὴ
286 2441 398 2534 μόνη).
414 2480 459 2497 ··-ι
473 2447 640 2516 Gradatim
660 2453 701 2517 nd
718 2451 948 2538 perfectionem
961 2447 1195 2536 progredimur.
1221 2449 1317 2516 Patet

165 2549 286 2616 institia
312 2561 345 2618 et
372 2573 481 2616 amore
508 2563 540 2618 et
568 2577 606 2618 ea
633 2577 715 2641 quae
742 2553 783 2618 ad
811 2552 970 2640 egendum
999 2553 1240 2618 oeeommodate
1269 2562 1318 2618 est

166 2651 324 2740 snpientia
351 2677 424 2720 oum
449 2677 649 2720 communem
679 2657 813 2722 salutem
840 2665 907 2719 tom
934 2676 1091 2720 summam
1117 2655 1315 2720 honestatem

164 2755 292 2841 peufiei:
313 2779 377 2844 quo
400 2765 553 2844 quantum
574 2757 675 2844 possit
696 2757 839 2822 homines
864 2744 1041 2842 producere
1064 2757 1150 2822 omni
1172 2765 1317 2844 tempore

166 2855 347 2924 educationi
372 2859 571 2946 propositum
599 2869 656 2924 est.
687 2895 722 2908 κ
752 2859 814 2923 His
840 2859 937 2924 rebus
962 2859 1122 2940 tractatis,
1152 2869 1254 2926 restat
1282 2871 1318 2925 ut

168 2957 369 3028 scientiarum
390 2960 497 3028 studia
520 2962 589 3048 pari
611 2960 706 3028 modo
728 2959 975 3026 consideremus.

249 3169 303 3232 48.
337 3164 560 3232 Admiratione
591 3165 741 3230 commoti
778 3163 852 3249 (διὰ
884 3164 924 3231 τὸ
957 3161 1174 3248 θαυμάζειν),
1214 3166 1317 3250 inquit

166 3267 356 3334 Aristoteles
379 3255 474 3351 (Met.
495 3269 523 3351 I,
543 3270 575 3334 2.
597 3268 777 3350 982b12),
799 3268 943 3334 homines
966 3277 1000 3332 et
1019 3291 1105 3334 nnnc
1126 3277 1160 3331 et
1181 3265 1316 3351 primum

165 3370 355 3457 inceperunt
375 3369 591 3457 philosophari
614 3372 650 3453 (θ
668 3372 734 3453 li).
762 3370 933 3443 Nimirum,
949 3369 1117 3456 opinantes
1138 3389 1209 3432 rem
1223 3367 1316 3433 aliter

165 3493 203 3534 se
222 3472 341 3536 hahere
363 3493 457 3558 posse
480 3473 521 3536 ad
543 3471 710 3538 seinndnm
737 3472 963 3559 perveniamus
984 3494 1118 3537 neeesse
1138 3480 1202 3552 est,
1232 3469 1316 3535 unde

165 3593 231 3636 non
251 3571 346 3638 alites
364 3596 400 3638 se
422 3572 543 3640 habere
563 3574 695 3662 possint.
741 3573 815 3656 Sic,
841 3584 880 3654 ,ut
905 3573 1002 3640 sentit
1022 3574 1155 3655 Noster,
1184 3595 1225 3637 ex
1245 3572 1317 3658 ipse

166 3671 364 3740 dubitatione
386 3685 419 3740 et
440 3674 650 3742 admiratione
676 3674 745 3742 veri
771 3677 959 3744 inveniundi
980 3676 1122 3743 exoritur
1149 3673 1316 3762 cupiditas,

166 3799 224 3842 eur
246 3799 389 3859 eausam,
411 3778 525 3844 dueem
548 3777 712 3861 mentis³),
735 3801 907 3866 sequemur
929 3783 966 3862 (ξ
984 3779 1053 3861 33).
1097 3777 1195 3844 Haud
1220 3776 1315 3842 nimis

165 3899 263 3966 saepe
286 3879 408 3944 moneri
429 3888 536 3966 potest
556 3879 590 3945 id
611 3879 696 3967 qnod
713 3880 781 3946 vult
795 3881 994 3963 Aristoteles,
1016 3891 1162 3968 utquam
1176 3879 1316 3948 maxime

164 3979 269 4067 ipsum
291 4001 400 4067 agere,
423 3981 574 4067 cogitare,
597 3980 779 4049 discernere
802 3982 954 4048 doceatur
971 3984 1190 4072 adsuefietque
1212 3983 1314 4049 homo.

239 4239 257 4304 ¹)
276 4241 316 4293 cf.
330 4243 345 4304 ἓ
358 4242 400 4296 29.
419 4240 642 4310 Trendelenburg‚
661 4237 731 4294 Hist
745 4245 824 4296 Beitr.
837 4245 864 4296 11
874 4259 901 4310 p.
914 4242 974 4298 355.

236 4325 257 4391 ⁷)
275 4329 315 4378 De
327 4329 385 4380 leet.
400 4346 453 4382 var.
467 4328 889 4396 Spen3012Abh·d.Mdneh.Ao.
907 4331 937 4394 V,
951 4328 986 4386 44
1004 4328 1127 4398 (Belsken
1141 4334 1184 4389 tlt.
1198 4332 1237 4384 ed.
1251 4331 1311 4380 min.

186 4453 191 4468 .
274 4415 325 4467 11.

168 4433 183 4484 p
211 4417 260 4567 90³⁸)
279 4415 427 4570 Cdmeuins,
447 4506 550 4560 Dideet
564 4507 653 4572 Magn.
666 4521 690 4571 p.
705 4503 762 4557 119.
