3156 5246
591 412 797 483 ..ω-

109 584 206 653 etiam
230 582 372 650 actiones
395 605 527 663 necesse
548 582 590 648 sit
611 583 763 673 bipartito
786 581 971 652 distributas
988 606 1058 650 esse
1080 594 1112 648 et
1128 605 1181 650 cas
1205 582 1270 670 qui-

112 689 187 754 dem
215 687 329 758 endem
356 686 562 773 proportione
591 687 674 750 inter
701 709 736 752 se
749 687 1008 774 respondentes,
1037 687 1122 771 fore,
1149 687 1206 768 ait,
1234 697 1271 754 ut

110 813 194 879 quae
218 788 358 856 melioris
382 811 401 854 a
422 795 539 854 nature
562 781 694 875 (φύσει)
717 789 817 875 pertis
839 788 902 852 sint
929 788 1088 874 actiones,
1116 812 1171 855 ees
1194 812 1269 878 quo·

110 915 174 981 que
197 895 260 958 sint
276 901 309 956 et
323 890 574 980 praestantiores
591 902 623 959 et
637 892 740 976 magis
756 891 972 976 expetendae:
995 887 1051 958 uisi
1064 890 1126 981 γὰρ
1143 886 1269 979 ἑκάστῳ

108 989 206 1064 τοῦθ’
231 988 460 1082 αῖρεταῖτατον,
484 979 524 1061 οὗ
545 997 651 1075 τυχεῖν
672 989 761 1064 ἔστιν
783 987 967 1081 ἀκροτάτου
995 995 1052 1076 (ib.
1075 997 1186 1060 1333a
1201 994 1269 1076 25).

109 1101 155 1164 Et
176 1107 347 1186 postquam
371 1097 472 1165 otium
494 1107 528 1162 et
553 1096 695 1164 melioris
706 1097 817 1184 ,partis
841 1108 873 1163 et
895 1121 1054 1166 summurn
1077 1096 1197 1185 aliquid
1221 1096 1271 1162 de·

109 1199 301 1280 monstravit
323 1221 402 1282 esse,
426 1199 511 1267 unde
529 1199 641 1266 omnia
656 1197 786 1267 vivendi
806 1200 988 1288 agendique
1003 1201 1133 1286 negotia
1146 1200 1271 1282 fierent,

111 1302 358 1394 disputationem
374 1325 469 1390 perro
486 1312 682 1390 persecutns,
700 1301 838 1389 quaerit:
855 1312 963 1369 utrum
980 1301 1103 1368 ratione
1120 1325 1160 1368 au
1177 1303 1270 1368 mori-

109 1411 170 1478 bus
181 1407 269 1496 prius
281 1405 322 1472 sit
343 1404 543 1472 educandum
561 1400 718 1493 (πότερον
730 1403 930 1474 παιδευτέον
941 1408 989 1493 τῷ
1004 1400 1092 1492 λόγῳ
1107 1399 1270 1491 πρότερον

111 1507 133 1600 ἢ
155 1514 225 1590 τοῖς
246 1505 364 1575 ἔθεσιν
392 1505 450 1590 (ib.
471 1507 578 1574 1334u
593 1509 639 1589 8).
684 1507 759 1574 Nou
782 1507 929 1574 dissentit
952 1533 1024 1576 cum
1048 1509 1117 1574 aliis
1140 1511 1194 1589 (ac
1216 1507 1270 1572 mi-

112 1617 201 1680 nime
223 1635 294 1678 cum
317 1611 356 1678 iis
380 1632 463 1698 quac
479 1610 511 1677 in
527 1610 716 1694 Ethicorum
733 1609 807 1674 libri
826 1609 939 1676 decimi
962 1612 1074 1678 ultimo
1090 1611 1271 1679 invenimus

116 1713 269 1803 capitulo)
277 1713 342 1796 ,id
366 1711 451 1801 quod
478 1720 589 1778 nostro
616 1712 687 1780 loeo
710 1713 931 1800 respondetur.
976 1715 1028 1780 Ab
1053 1714 1271 1783 adsuefaciun-

117 1818 166 1884 dis
186 1817 291 1904 pueris
313 1839 439 1882 morum
461 1815 630 1880 honestate
659 1819 745 1881 omni
774 1815 953 1896 educationi
980 1816 1106 1884 initium
1129 1839 1199 1882 csse
1222 1839 1271 1894 ea-

114 1919 282 2009 piundum,
313 1927 483 2006 postquam
511 1938 646 2002 corpore
677 1926 753 2005 apta
779 1941 856 1984 cura
883 1928 916 1985 et
944 1918 1026 1986 bene
1055 1928 1169 2006 parate
1196 1919 1269 1998 sint,

112 2023 156 2088 ita
182 2032 219 2088 ut
245 2021 405 2108 adpetitus
433 2021 536 2086 diseat
561 2019 702 2086 melioris
729 2019 829 2106 partis
859 2020 879 2084 i.
910 2043 936 2084 e.
970 2020 1103 2086 rationis
1137 2021 1270 2109 imperio

109 2149 228 2213 parcre
239 2125 273 2205 ¹).
306 2162 340 2170 -
372 2125 463 2206 (Non
496 2123 604 2210 inepte
640 2123 824 2188 conferatur
856 2123 1022 2188 Rousseau
1061 2124 1157 2188 haec:
1194 2125 1272 2191 Plus
1310 2160 1318 2182 ν

105 2230 141 2292 le
165 2247 258 2312 corps
282 2236 330 2289 est
351 2224 461 2304 suble,
484 2225 554 2310 plue
578 2224 599 2288 il
622 2222 826 2304 commende,
850 2224 922 2311 plus
944 2224 967 2288 il
990 2233 1038 2288 est
1060 2225 1135 2306 fort,
1157 2227 1229 2314 plus
1250 2227 1272 2291 il

107 2327 246 2410 αἰνεῖτ’).
284 2326 351 2392 Sed
374 2350 446 2392 cum
462 2327 582 2393 Nostro
605 2329 807 2414 pergemus.)
826 2363 862 2373 -
881 2324 1080 2392 Consensum
1104 2350 1181 2393 rcrc
1202 2328 1272 2394 fieri

108 2440 262 2520 oportere
283 2429 493 2516 intellegendi
517 2439 548 2494 et
564 2429 805 2510 consuescendi,
829 2427 1047 2495 doctrinarum
1070 2440 1103 2498 et
1117 2431 1271 2497 virtutum
1373 2455 1376 2460 ·

110 2531 295 2610 moralium,
333 2554 396 2619 quc
430 2532 600 2598 concinant
633 2531 717 2596 inter
750 2553 786 2594 se
821 2554 916 2618 quem
950 2543 1079 2620 optumo
1114 2544 1271 2600 concentu

115 2639 233 2718 (ταῦτα
261 2635 322 2723 γὰρ
351 2635 404 2701 δεῖ
429 2630 515 2718 πρὸς
536 2627 665 2722 tttqta
691 2637 880 2722 συμφωνεῖν
901 2630 1088 2722 συμφονίαν
1114 2634 1174 2724 τὴν
1196 2630 1272 2724 ἀρί-

111 2741 205 2826 οτρν)
226 2741 252 2821 ).
285 2777 321 2785 -
350 2737 436 2804 Fieri
459 2737 541 2804 euim
570 2761 678 2825 posse,
707 2749 742 2803 ut
769 2738 820 2802 vel
843 2739 882 2802 ab
906 2737 1129 2806 honestissimo
1163 2741 1272 2827 (quasi

112 2842 260 2925 artificis)
283 2851 474 2928 argumento
498 2853 530 2906 et
551 2840 715 2929 proposito
739 2836 970 2923 (ὑποθέσεως)
995 2850 1027 2904 et
1048 2842 1204 2908 aberrarit
1226 2867 1273 2908 ra-

109 2945 157 3009 tio
184 2954 216 3008 et
242 2942 473 3010 consuetudine
500 2956 532 3008 et
560 2943 701 3010 moribus
728 2944 872 3010 similiter
899 2943 1069 3012 educatum
1098 2944 1150 3010 sit.
1199 2946 1273 3011 Hoc
1388 2967 1390 2972 ’

109 3047 210 3134 igitur
236 3047 375 3136 primum
403 3069 473 3111 esse
506 3048 678 3136 adparere,
712 3046 980 3135 quemadmodum
1006 3047 1039 3112 in
1068 3047 1137 3112 aliis
1165 3048 1272 3130 rebus,

112 3149 168 3215 ubi
190 3160 293 3218 crtum
318 3148 474 3238 (γένεσις)
502 3175 521 3215 a
547 3149 703 3238 principio
732 3149 774 3214 sit
801 3160 833 3216 et
860 3149 932 3214 finis
959 3148 1076 3215 iterum
1100 3150 1140 3215 ab
1163 3151 1271 3236 aliquo

111 3253 270 3342 principio
295 3255 373 3320 alius
400 3254 487 3322 fiuis:
519 3247 537 3320 ὃ
561 3251 599 3320 δὲ
623 3248 721 3340 λόγος
743 3245 820 3340 ἡμῖν
842 3249 898 3319 καὶ
920 3245 938 3318 ὃ
962 3254 1038 3330 νοῦς
1060 3255 1119 3338 τῆς
1140 3247 1272 3340 φύσεως

110 3355 252 3440 τέλες’).
271 3393 306 3402 -
326 3357 434 3444 Atque
457 3358 543 3421 huuc
565 3357 606 3422 ad
629 3356 726 3422 finem
749 3354 851 3443 (πρὸς
866 3351 1015 3433 τούτους,
1039 3355 1106 3418 scil.
1124 3353 1165 3419 ad
1179 3355 1273 3420 ratio-

110 3483 187 3524 nem
210 3471 242 3524 et
264 3459 362 3524 animi
383 3459 596 3540 intellectum)
620 3468 725 3523 crtum
748 3458 849 3524 nostri
872 3469 904 3522 et
926 3480 1051 3522 morum
1074 3456 1273 3522 consuetudi·

113 3562 229 3650 nisque
251 3561 491 3628 meditationem
507 3562 667 3626 instruere
685 3569 833 3646 oportere
856 3555 1153 3648 (παρασκευάζειν)
1176 3571 1272 3648 atque

111 3688 229 3753 parare
245 3664 281 3748 (l.
297 3664 319 3729 l.
336 3665 354 3726 b
369 3663 501 3747 8-28).
536 3662 592 3732 Sic
604 3664 803 3729 Aristoteles.
818 3701 853 3711 -
874 3663 1081 3754 Perspicuum
1105 3665 1180 3744 inde
1202 3663 1272 3728 fieri

111 3767 240 3833 videtur
263 3766 295 3831 id
319 3765 490 3854 quodiam
513 3789 610 3853 supra
638 3765 800 3854 adparuit,
830 3789 927 3832 uuum
959 3777 1106 3854 spectare
1135 3766 1272 3854 philoso-

113 3872 214 3959 phum
236 3880 391 3951 nostrum,
415 3893 485 3934 eum
507 3869 650 3934 omnium
671 3891 776 3933 rerum
793 3867 975 3954 genitarum
992 3892 1033 3935 ex
1049 3869 1160 3936 ordine
1175 3869 1273 3936 aliem

116 3972 199 4039 alius
222 3984 255 4039 et
274 3971 414 4037 melioris
437 3973 543 4058 gratia
564 3971 634 4038 fieri
657 3971 756 4054 dicat,
784 3970 829 4036 ita
856 3980 891 4036 ut
912 3970 984 4036 finis
1007 3972 1102 4038 finem
1126 3970 1273 4038 videatur

188 4244 206 4309 ¹)
225 4244 263 4294 cr.
275 4242 336 4294 uu.
349 4243 380 4296 u.
395 4242 413 4294 1.
427 4243 444 4294 r.

186 4330 206 4396 ²)
224 4331 309 4382 umus
321 4332 342 4394 1,
357 4347 381 4399 p.
394 4330 437 4386 43.

187 4417 207 4485 ¹)
226 4419 265 4470 cr.
278 4421 293 4482 ε
305 4420 331 4472 ο.

187 4505 208 4576 ⁴)
227 4505 265 4558 er.
280 4507 332 4568 se.
