3154 5252
788 383 994 450 „20-

312 567 458 623 naturam
489 557 630 624 habeant
662 553 941 643 cognoscendique
974 554 1153 642 praebeant
1181 557 1350 624 veritatem
1384 555 1476 640 (Pol.

311 659 375 742 IV,
402 660 496 742 lb)¹).
541 660 656 747 Neque
678 658 808 724 omnino
833 655 972 746 praefari
999 657 1074 722 licet
1101 661 1238 746 quaein
1261 658 1477 748 sequentibus

313 761 458 849 partibus
482 763 597 829 clarius
620 762 689 826 fieri
712 761 823 844 debet,
851 770 888 827 ut
909 759 1097 846 adpareant.
1141 761 1282 829 Tantum
1306 761 1476 829 veroium

310 889 396 930 nuno
420 865 451 930 id
475 889 532 954 pro
563 874 651 930 certo
681 872 788 950 potest
809 862 921 926 haberi
946 863 1031 950 quod
1055 887 1180 930 summa
1203 864 1360 932 educandi
1383 865 1478 930 nulla

312 967 373 1031 alia
396 992 491 1055 quam
515 990 553 1032 ea
575 967 726 1033 videntur
748 988 828 1048 esse,
853 988 935 1052 quae
958 966 1087 1032 omnino
1110 967 1330 1056 philosophiae
1352 968 1477 1036 Aristo-

266 1107 269 1114 *
312 1069 383 1134 telis
407 1093 477 1136 esse
499 1069 655 1160 principia
678 1070 850 1150 habentur,
881 1091 944 1134 una
967 1070 1012 1134 rei
1035 1069 1254 1156 perficiundae
1277 1072 1477 1164 cogitatione

313 1172 416 1237 animo
434 1185 597 1262 concepta.
617 1212 653 1220 -
674 1171 887 1261 Quapropter,
904 1181 938 1236 ut
952 1172 1015 1237 iam
1032 1196 1128 1260 supra
1144 1167 1329 1240 dictumest
1351 1177 1477 1258 (ταῦτα

311 1274 374 1362 yolo
397 1277 450 1344 δεῖ
468 1282 656 1366 συμφωνεῖν
678 1271 764 1364 πρός
787 1268 915 1363 ἄλληλα
938 1273 1213 1366 annunciaveris
1236 1272 1387 1368 ἀρίστην)
1419 1305 1477 1344 na·

312 1389 399 1462 tura,
423 1382 634 1462 consuetudo,
659 1380 805 1446 doctriua
827 1378 1010 1445 consentire
1032 1379 1116 1444 inter
1139 1403 1173 1445 se
1196 1391 1328 1469 optumo
1351 1381 1479 1447 debent

314 1495 470 1548 concentu
494 1486 552 1567 (cf.
569 1485 638 1550 Pol.
654 1485 673 1549 l.
689 1484 710 1550 l.
736 1483 840 1549 1334o
859 1482 924 1564 10).
960 1483 1075 1570 Neque
1099 1483 1184 1549 enim
1207 1483 1410 1572 antiquorum
1428 1486 1477 1550 in-

311 1587 442 1671 genium
467 1611 538 1652 cum
556 1598 673 1653 natura
690 1569 763 1668 ἀνα,
787 1595 823 1651 ut
844 1585 888 1650 ita
911 1583 1024 1667 dicum,
1050 1586 1231 1653 Aristotelis
1255 1611 1327 1652 eum
1350 1587 1476 1652 intelle·

312 1689 421 1773 gentia
435 1689 643 1777 doctrinaque
655 1689 719 1754 ullo
733 1687 827 1753 modo
841 1697 947 1775 potest
959 1687 1152 1776 discrepare.
1172 1689 1238 1756 Ubi
1250 1691 1393 1756 omnium
1406 1692 1476 1755 vita

311 1789 467 1878 bonisque
491 1793 586 1856 etiam
609 1791 726 1878 singuli
750 1790 904 1878 cuiusque
927 1790 994 1856 vita
1016 1802 1048 1855 et
1063 1793 1148 1858 bona
1171 1793 1391 1877 continentum
1416 1793 1473 1858 ubi

312 1891 406 1958 bomo
417 1917 434 1957 a
446 1905 560 1960 natura
575 1894 759 1978 instructus,
772 1892 919 1960 doctrina
931 1893 1073 1959 eruditus
1086 1896 1292 1983 moribusque
1304 1896 1387 1960 bene
1400 1919 1474 1960 con·

311 1995 454 2060 firmatus
468 1995 609 2084 adparet,
630 2019 670 2062 ne
683 2021 745 2062 non
759 1996 911 2062 indecore
926 1997 1091 2084 voluptate
1105 1999 1155 2063 vel
1167 1997 1275 2063 dolore
1288 1998 1471 2080 adficiatur;

312 2097 366 2164 ubi
382 2098 421 2162 ad
438 2111 557 2164 certam
577 2099 715 2187 denique
732 2100 863 2165 rationis
888 2122 1044 2182 normam,
1068 2123 1151 2187 quae
1170 2101 1357 2168 firmitatem
1374 2101 1472 2166 babet

313 2214 343 2266 et
367 2203 446 2284 rim,
477 2203 618 2270 omnium
642 2204 904 2290 singulorumque
933 2203 1039 2268 studia
1067 2227 1105 2268 ao
1127 2205 1310 2270 voluntates
1334 2205 1472 2291 dirigun-

312 2318 379 2371 tur:
403 2308 478 2386 fore,
502 2317 612 2372 censet
628 2305 827 2389 Aristoteles,
850 2317 885 2371 ut
904 2307 1041 2372 civitatis
1058 2307 1285 2372 communitate
1301 2318 1469 2374 contentus
1552 2339 1553 2380 ς

312 2431 421 2474 veram
444 2419 591 2474 naturam
614 2431 704 2474 suam
728 2418 902 2496 praestare,
926 2431 1035 2475 veram
1059 2409 1188 2475 vivendi
1211 2411 1409 2498 voluptatem
1433 2433 1468 2474 ac

311 2512 489 2576 libertatem
514 2513 680 2600 percipere
705 2534 878 2600 veramque
899 2511 980 2575 viam
997 2512 1140 2578 invenire
1156 2515 1256 2600 possit
1279 2515 1380 2594 bomo,
1405 2536 1469 2599 qna

313 2615 496 2708 mimeribus
508 2615 591 2681 bene
614 2615 801 2703 perfunctus
819 2607 916 2703 ‘darie
940 2612 1141 2696 onovoatog’
1167 2627 1200 2684 et
1217 2612 1364 2702 ‘nolitne
1381 2607 1463 2699 ἆμα-

312 2714 390 2797 θός’
420 2741 479 2806 per
502 2721 652 2784 virtutem
680 2717 847 2806 perveniat
876 2718 917 2782 ad
939 2719 1169 2785 beatitudinem
1200 2721 1257 2804 (cf.
1280 2719 1316 2784 de
1337 2718 1407 2783 virt.
1431 2726 1462 2781 et

313 2824 368 2887 vit.
391 2845 418 2886 c.
440 2823 486 2904 8).
520 2818 656 2900 Qualem
673 2820 826 2886 adfinem
849 2822 997 2888 nimirum
1023 2823 1118 2889 etiam
1140 2847 1179 2888 ea
1196 2825 1273 2889 talia
1289 2845 1355 2890 esse
1377 2843 1466 2908 opor·

312 2936 367 3006 tot,
392 2949 525 3013 quorum
549 2947 607 2989 usu
631 2925 706 3008 (τὰς
725 2921 874 3012 χρήσεις)
899 2925 949 2990 vol
972 2936 1101 3013 optume
1125 2950 1162 2991 eo
1186 2927 1349 3014 perveniri
1371 2923 1471 3012 possit

312 3026 525 3114 (κατασκευαί
548 3021 688 3113 ἀγαθῶν
710 3029 765 3096 καὶ
787 3025 963 3117 γενήσαις).
1001 3030 1058 3111 (ef.
1086 3031 1152 3094 Pol.
1179 3029 1241 3112 lV,
1270 3031 1319 3096 13.
1356 3028 1471 3094 1332a

314 3134 353 3197 10
368 3135 455 3221 sqq.)
500 3131 656 3198 Homines
679 3154 756 3198 vero
779 3133 898 3198 ideirco
922 3156 1254 3244 remqnonnumquam
1272 3142 1471 3223 pervertunt,
1553 3147 1554 3178 ι

312 3246 343 3300 et
365 3237 516 3323 quoniam
540 3235 631 3301 bonis
655 3259 765 3301 carere
787 3258 852 3302 non
874 3246 1007 3324 possunt
1028 3235 1068 3300 ad
1084 3247 1216 3324 optuma
1233 3232 1471 3324 consequenda,

312 3341 395 3404 bona
417 3350 552 3404 externa
575 3339 634 3404 sibi
659 3338 843 3406 collaudant
866 3339 958 3427 quasi
980 3338 1186 3405 beatitudinis
1203 3361 1333 3406 causam
1353 3349 1386 3404 et
1407 3339 1473 3403 fon·
1552 3351 1554 3390 l

311 3455 376 3509 tem
399 3445 472 3532 (τῆς
495 3437 711 3527 εὐδαιμονίας
733 3439 853 3528 αἴτια).
901 3443 971 3508 Hos
994 3443 1182 3509 Aristoteles
1206 3444 1351 3510 similiter
1374 3464 1472 3528 agere
1552 3449 1553 3510 ζ

311 3558 435 3627 censet,
467 3560 500 3612 ut
523 3549 549 3613 si
572 3550 644 3636 quis
667 3547 772 3613 lucide
801 3559 832 3613 et
860 3545 1001 3611 suaviter
1028 3545 1150 3612 eithara
1177 3547 1312 3614 canendi
1342 3567 1471 3612 oausam
1552 3533 1553 3540 ί

310 3649 399 3734 lyrae
416 3650 517 3736 magis
541 3674 638 3738 quam
655 3652 713 3716 arti
730 3649 915 3716 adscribere
932 3648 1009 3713 velit
1032 3649 1091 3732 (ib.
1109 3672 1129 3714 α
1145 3651 1199 3716 26ε
1222 3649 1335 3739 ὥσπερ
1359 3647 1390 3719 εἰ
1410 3651 1473 3718 τοῦ

283 3789 290 3806 .
311 3750 499 3838 κιθαρίζειν
522 3754 677 3844 λαμπρὸν
699 3754 756 3820 καὶ
777 3751 888 3830 καλῶς
911 3747 1047 3840 αἰτιῷτο
1062 3754 1122 3843 τήν
1138 3751 1242 3843 λύραν
1262 3758 1391 3839 μᾶλλον
1413 3757 1473 3842 τῆς

310 3853 445 3941 τέχνης).
492 3854 587 3936 Quod
615 3860 640 3923 si
668 3861 771 3924 minus
799 3858 929 3946 placere
958 3866 1064 3944 potest
1087 3868 1118 3923 et
1141 3861 1172 3924 in
1197 3871 1265 3926 arte
1289 3859 1473 3925 exercenda

311 3957 415 4042 potius
439 3983 532 4046 quam
557 3962 590 4026 in
613 3962 824 4027 instrumento
849 3962 1033 4026 harmoniae
1057 3984 1187 4027 causam
1203 3963 1393 4044 invenimus,
1418 3961 1474 4028 du·

311 4059 412 4124 bitarc
436 4062 505 4149 quis
525 4065 652 4152 poterit,
677 4066 753 4155 quin
771 4089 834 4131 non
849 4075 914 4130 tam
930 4065 963 4129 in
981 4065 1131 4148 externis,
1156 4091 1252 4154 quarn
1267 4067 1299 4132 in
1315 4065 1475 4133 interiori·
1552 4069 1554 4088 '

312 4163 384 4244 bus,
414 4189 478 4231 non
508 4178 573 4234 tam
603 4169 635 4233 in
664 4169 806 4257 corporis
836 4189 933 4255 quam
960 4168 1114 4236 inanimi
1142 4170 1323 4258 mentisque
1346 4169 1474 4236 cultura

314 4321 512 4333 ..m—...-

385 4401 401 4464 ¹)
421 4403 483 4452 Met.
503 4403 525 4467 1,
547 4409 576 4467 l;
599 4404 648 4454 An.
668 4421 710 4472 po.
729 4405 763 4468 11,
787 4409 831 4468 193
851 4405 883 4456 de
901 4423 944 4458 en.
962 4407 1010 4472 111,
1029 4412 1046 4459 4
1065 4411 1130 4458 extr.
1156 4407 1227 4471 (coll.
1247 4405 1476 4476 mendoenburg,

311 4504 402 4540 comm.
422 4505 445 4554 p.
460 4493 537 4555 48t);
557 4492 608 4542 An.
621 4507 661 4558 po.
676 4491 698 4556 1,
713 4496 727 4542 2
747 4493 783 4544 iu.
804 4493 903 4558 (Schol.
918 4497 960 4548 Jo.
974 4495 1043 4547 Phil.
1057 4496 1075 4547 l.
1090 4501 1113 4548 7.
1127 4495 1167 4548 ed.
1180 4498 1228 4548 Ae.
1242 4514 1266 4566 p.
1283 4495 1350 4561 198).
