3154 5252
165 2978 359 3043 educandos.
403 2977 472 3040 Hoc
496 2998 571 3040 vero
595 2977 761 3063 quaerenti
786 2975 871 3040 aliud
888 2976 964 3040 mihi
981 2999 1055 3042 mox
1071 2978 1202 3042 subesse
1218 2979 1321 3044 visum

163 3107 223 3178 est,
247 3117 402 3184 quaerero
424 3117 506 3182 quae
529 3097 718 3162 Aristoteles
740 3097 868 3161 omnino
891 3098 924 3160 in
947 3095 1111 3160 hominum
1134 3096 1323 3162 educatione

163 3217 314 3282 habuerit
335 3216 504 3303 principia.
550 3215 675 3292 Quibus
697 3215 930 3300 investigandis
953 3237 1017 3279 non
1034 3214 1177 3279 dubitavi
1200 3215 1277 3301 quin
1293 3226 1324 3278 et

168 3336 214 3400 eis
237 3357 315 3424 quas
340 3333 379 3398 de
403 3333 590 3398 educatione
615 3334 768 3400 habemus
792 3333 934 3420 reliquiis
957 3334 1043 3398 aliud
1066 3333 1204 3418 quodam
1227 3332 1322 3396 modo

169 3453 333 3540 maiusque
356 3455 492 3539 pretium
523 3451 673 3517 constitui
703 3462 734 3516 et
762 3453 928 3539 angustior
951 3475 1022 3516 cum
1045 3461 1113 3515 tota
1135 3450 1203 3515 eius
1226 3451 1324 3536 philo-

165 3571 281 3659 sophia
308 3593 448 3636 eonexus
478 3569 596 3658 aperiri
623 3581 738 3655 posset
784 3571 932 3656 Namque
959 3579 1070 3655 partes
1096 3593 1220 3636 meeum
1252 3593 1324 3640 eon-

165 3690 312 3756 siderans
336 3711 391 3753 eas
412 3711 494 3775 quae
516 3689 696 3774 philosophi
719 3689 820 3756 nostri
843 3687 1001 3752 sententia
1020 3687 1060 3752 ad
1077 3687 1220 3755 homines
1242 3691 1325 3757 iuste

165 3807 351 3876 educandos
374 3797 545 3872 convenire
568 3807 695 3889 debent,
719 3805 840 3894 aliquid
871 3805 982 3870 confici
1006 3829 1099 3894 posse
1122 3809 1326 3892 existumavi,

166 3931 194 3993 si
217 3938 352 3992 naturae
380 3949 421 3990 ex
448 3937 539 4012 parte
561 3927 715 4012 Physioes
744 3948 782 3990 ac
809 3925 948 3996 maxime
976 3925 1017 3989 de
1045 3927 1151 3993 anima
1174 3930 1326 4018 quisunt

82 4073 95 4084 ·
168 4046 254 4127 libri,
277 4047 409 4112 rationis
432 4068 472 4110 ex
495 4055 586 4130 parte
602 4047 740 4132 Logices
757 4068 794 4108 ac
810 4043 1047 4132 Metaphysiees
1070 4071 1221 4115 unacum
1238 4047 1327 4114 Ethi-

169 4167 215 4231 eis
239 4189 277 4230 ac
300 4164 441 4230 Politicis
470 4163 706 4229 adhiberentur.
750 4165 789 4228 ln
817 4163 933 4249 quibus
960 4165 1055 4231 rebus
1086 4167 1325 4254 perscrutandis

161 4277 209 4350 'ae
232 4286 438 4372 perficiendis
461 4283 554 4349 TVO
578 4305 832 4368 nonnumquam,
857 4282 936 4349 VIR
958 4284 1256 4368 DOOTISSIME‚
1286 4307 1327 4350 ex

171 4427 228 4470 ore
249 4403 354 4471 TVIS
369 4428 430 4491 que
460 4399 650 4487 exscriptis
673 4400 805 4466 consilia
833 4402 955 4490 accepi,
985 4405 1100 4492 quibus
1127 4429 1218 4486 usus,
1252 4428 1325 4471 eum

171 4525 303 4600 ineundi
334 4523 420 4587 viam
455 4529 757 4600 commonstrarent,
792 4521 903 4586 melius
938 4523 1082 4590 inveniro
1111 4535 1143 4590 et
1176 4525 1326 4611 consequi
