<?xml version="1.0" encoding="UTF-8"?>
<!DOCTYPE html PUBLIC "-//W3C//DTD XHTML 1.0 Transitional//EN"
    "http://www.w3.org/TR/xhtml1/DTD/xhtml1-transitional.dtd">
<html xmlns="http://www.w3.org/1999/xhtml" xml:lang="en" lang="en">
 <head>
  <title>
</title>
<meta http-equiv="Content-Type" content="text/html;charset=utf-8" />
  <meta name='ocr-system' content='tesseract 3.04.00' />
  <meta name='ocr-capabilities' content='ocr_page ocr_carea ocr_par ocr_line ocrx_word'/>
</head>
<body>
  <div class='ocr_page' id='page_1' title='image "./dearistotelisin00lefmgoog_0051.png"; bbox 0 0 3154 5252; ppageno 0'>
   <div class='ocr_carea' id='block_1_1' title="bbox 769 412 978 477">
    <p class='ocr_par' dir='ltr' id='par_1_1' title="bbox 769 412 978 477">
     <span class='ocr_line' id='line_1_1' title="bbox 769 412 978 477; baseline -0.014 -16"><span class='ocrx_word' id='word_1_1' title='bbox 769 412 978 477; x_wconf 76' lang='lat'>..38-</span> 
     </span>
    </p>
   </div>
   <div class='ocr_carea' id='block_1_2' title="bbox 295 585 1460 3353">
    <p class='ocr_par' dir='ltr' id='par_1_2' title="bbox 295 585 1460 3353">
     <span class='ocr_line' id='line_1_2' title="bbox 300 585 1456 675; baseline -0.003 -20"><span class='ocrx_word' id='word_1_2' title='bbox 300 599 362 656; x_wconf 91' lang='lat' dir='ltr'><strong>tur.</strong></span> <span class='ocrx_word' id='word_1_3' title='bbox 400 588 461 654; x_wconf 85' lang='lat' dir='ltr'><strong>Est</strong></span> <span class='ocrx_word' id='word_1_4' title='bbox 483 589 567 654; x_wconf 91' lang='lat' dir='ltr'><strong>enim</strong></span> <span class='ocrx_word' id='word_1_5' title='bbox 583 588 616 653; x_wconf 90' lang='lat' dir='ltr'><strong>in</strong></span> <span class='ocrx_word' id='word_1_6' title='bbox 632 586 778 653; x_wconf 92' lang='lat' dir='ltr'><strong>omnibus</strong></span> <span class='ocrx_word' id='word_1_7' title='bbox 801 585 897 651; x_wconf 90' lang='lat' dir='ltr'><strong>rebus</strong></span> <span class='ocrx_word' id='word_1_8' title='bbox 921 608 1003 672; x_wconf 85' lang='lat' dir='ltr'><strong>quae</strong></span> <span class='ocrx_word' id='word_1_9' title='bbox 1019 585 1099 650; x_wconf 88' lang='lat' dir='ltr'><strong>fiunt</strong></span> <span class='ocrx_word' id='word_1_10' title='bbox 1116 587 1219 651; x_wconf 87' lang='lat' dir='ltr'><strong>forma</strong></span> <span class='ocrx_word' id='word_1_11' title='bbox 1235 587 1346 675; x_wconf 89' lang='lat' dir='ltr'><strong>quaid</strong></span> <span class='ocrx_word' id='word_1_12' title='bbox 1368 587 1456 675; x_wconf 93' lang='lat' dir='ltr'><strong>quod</strong></span> 
     </span>
     <span class='ocr_line' id='line_1_3' title="bbox 299 683 1456 780; baseline 0 -24"><span class='ocrx_word' id='word_1_13' title='bbox 299 703 464 780; x_wconf 76' lang='lat' dir='ltr'><strong>tamquam</strong></span> <span class='ocrx_word' id='word_1_14' title='bbox 480 692 673 758; x_wconf 88' lang='lat' dir='ltr'><strong>substratum</strong></span> <span class='ocrx_word' id='word_1_15' title='bbox 697 685 940 773; x_wconf 80' lang='grc' dir='ltr'><strong><em>(ὑποκείμενον,</em></strong></span> <span class='ocrx_word' id='word_1_16' title='bbox 965 683 1129 773; x_wconf 81' lang='grc' dir='ltr'><strong><em>δεκτικόν)</em></strong></span> <span class='ocrx_word' id='word_1_17' title='bbox 1154 691 1182 754; x_wconf 92' lang='lat' dir='ltr'><strong>ei</strong></span> <span class='ocrx_word' id='word_1_18' title='bbox 1198 691 1379 778; x_wconf 91' lang='lat' dir='ltr'><strong>oppositum</strong></span> <span class='ocrx_word' id='word_1_19' title='bbox 1396 701 1456 773; x_wconf 88' lang='lat' dir='ltr'><strong>est,</strong></span> 
     </span>
     <span class='ocr_line' id='line_1_4' title="bbox 298 789 1458 880; baseline -0.003 -20"><span class='ocrx_word' id='word_1_20' title='bbox 298 797 328 860; x_wconf 88' lang='lat' dir='ltr'><strong>h.</strong></span> <span class='ocrx_word' id='word_1_21' title='bbox 349 818 376 859; x_wconf 88' lang='lat' dir='ltr'><strong>e.</strong></span> <span class='ocrx_word' id='word_1_22' title='bbox 400 795 550 859; x_wconf 90' lang='lat' dir='ltr'><strong>materies</strong></span> <span class='ocrx_word' id='word_1_23' title='bbox 573 794 628 859; x_wconf 88' lang='lat' dir='ltr'><strong>tali</strong></span> <span class='ocrx_word' id='word_1_24' title='bbox 651 794 744 859; x_wconf 88' lang='lat' dir='ltr'><strong>modo</strong></span> <span class='ocrx_word' id='word_1_25' title='bbox 761 793 916 874; x_wconf 88' lang='lat' dir='ltr'><strong>adficitur,</strong></span> <span class='ocrx_word' id='word_1_26' title='bbox 941 803 975 857; x_wconf 92' lang='lat' dir='ltr'><strong>ut</strong></span> <span class='ocrx_word' id='word_1_27' title='bbox 990 801 1093 858; x_wconf 88' lang='lat' dir='ltr'><strong>motus</strong></span> <span class='ocrx_word' id='word_1_28' title='bbox 1116 792 1171 856; x_wconf 92' lang='lat' dir='ltr'><strong>ille</strong></span> <span class='ocrx_word' id='word_1_29' title='bbox 1194 789 1350 880; x_wconf 85' lang='grc' dir='ltr'><strong><em>(κίνησις)</em></strong></span> <span class='ocrx_word' id='word_1_30' title='bbox 1374 793 1458 858; x_wconf 87' lang='lat' dir='ltr'><strong>exsi-</strong></span> 
     </span>
     <span class='ocr_line' id='line_1_5' title="bbox 300 896 1459 983; baseline 0 -21"><span class='ocrx_word' id='word_1_31' title='bbox 300 897 428 980; x_wconf 75' lang='lat' dir='ltr'><strong>stetin</strong></span> <span class='ocrx_word' id='word_1_32' title='bbox 451 920 514 983; x_wconf 89' lang='lat' dir='ltr'><strong>quo</strong></span> <span class='ocrx_word' id='word_1_33' title='bbox 537 896 632 962; x_wconf 90' lang='lat' dir='ltr'><strong>ctiam</strong></span> <span class='ocrx_word' id='word_1_34' title='bbox 656 897 708 961; x_wconf 92' lang='lat' dir='ltr'><strong>hic</strong></span> <span class='ocrx_word' id='word_1_35' title='bbox 732 896 838 961; x_wconf 87' lang='lat' dir='ltr'><strong>omnia</strong></span> <span class='ocrx_word' id='word_1_36' title='bbox 854 897 893 960; x_wconf 86' lang='lat' dir='ltr'><strong>ad</strong></span> <span class='ocrx_word' id='word_1_37' title='bbox 913 896 1085 960; x_wconf 85' lang='lat' dir='ltr'>humanam</span> <span class='ocrx_word' id='word_1_38' title='bbox 1100 906 1247 962; x_wconf 88' lang='lat' dir='ltr'><strong>naturam</strong></span> <span class='ocrx_word' id='word_1_39' title='bbox 1272 920 1361 962; x_wconf 90' lang='lat' dir='ltr'><strong>morc</strong></span> <span class='ocrx_word' id='word_1_40' title='bbox 1384 920 1459 983; x_wconf 89' lang='lat' dir='ltr'><strong>sup·</strong></span> 
     </span>
     <span class='ocr_line' id='line_1_6' title="bbox 299 997 1458 1089; baseline -0.001 -24"><span class='ocrx_word' id='word_1_41' title='bbox 299 1000 451 1089; x_wconf 85' lang='lat' dir='ltr'><strong>piendam</strong></span> <span class='ocrx_word' id='word_1_42' title='bbox 472 1000 576 1088; x_wconf 86' lang='lat' dir='ltr'><strong>posita</strong></span> <span class='ocrx_word' id='word_1_43' title='bbox 598 1008 672 1064; x_wconf 90' lang='lat' dir='ltr'><strong>sunt</strong></span> <span class='ocrx_word' id='word_1_44' title='bbox 700 999 814 1085; x_wconf 88' lang='lat' dir='ltr'><strong>(Phys.</strong></span> <span class='ocrx_word' id='word_1_45' title='bbox 832 999 863 1080; x_wconf 92' lang='lat' dir='ltr'><strong>I,</strong></span> <span class='ocrx_word' id='word_1_46' title='bbox 886 999 916 1061; x_wconf 76' lang='grc'><strong>1.</strong></span> <span class='ocrx_word' id='word_1_47' title='bbox 948 999 1032 1062; x_wconf 85' lang='lat' dir='ltr'><strong>190t</strong></span> <span class='ocrx_word' id='word_1_48' title='bbox 1048 997 1088 1062; x_wconf 73' lang='lat'><strong>‘29</strong></span> <span class='ocrx_word' id='word_1_49' title='bbox 1110 1001 1199 1086; x_wconf 87' lang='lat' dir='ltr'><strong>sqq.)</strong></span> <span class='ocrx_word' id='word_1_50' title='bbox 1211 1000 1246 1082; x_wconf 88' lang='lat'><strong>¹).</strong></span> <span class='ocrx_word' id='word_1_51' title='bbox 1292 999 1383 1064; x_wconf 88' lang='lat' dir='ltr'><strong>Haec</strong></span> <span class='ocrx_word' id='word_1_52' title='bbox 1406 1009 1458 1064; x_wconf 89' lang='lat' dir='ltr'><strong>est</strong></span> 
     </span>
     <span class='ocr_line' id='line_1_7' title="bbox 299 1098 1456 1190; baseline -0.001 -23"><span class='ocrx_word' id='word_1_53' title='bbox 299 1105 381 1169; x_wconf 93' lang='lat' dir='ltr'><strong>actio</strong></span> <span class='ocrx_word' id='word_1_54' title='bbox 404 1104 460 1183; x_wconf 87' lang='lat' dir='ltr'><strong>(cf.</strong></span> <span class='ocrx_word' id='word_1_55' title='bbox 478 1107 497 1184; x_wconf 66' lang='grc' dir='ltr'>ξ</span> <span class='ocrx_word' id='word_1_56' title='bbox 514 1105 580 1185; x_wconf 85' lang='grc'><strong>11).</strong></span> <span class='ocrx_word' id='word_1_57' title='bbox 624 1103 718 1166; x_wconf 87' lang='lat' dir='ltr'><strong>Actio</strong></span> <span class='ocrx_word' id='word_1_58' title='bbox 743 1102 825 1166; x_wconf 87' lang='lat' dir='ltr'><strong>enim</strong></span> <span class='ocrx_word' id='word_1_59' title='bbox 848 1099 1021 1188; x_wconf 76' lang='grc' dir='ltr'><strong><em>(ἐνέργεια,</em></strong></span> <span class='ocrx_word' id='word_1_60' title='bbox 1046 1098 1244 1186; x_wconf 73' lang='grc' dir='ltr'><strong><em>ἐντελέχεια)</em></strong></span> <span class='ocrx_word' id='word_1_61' title='bbox 1268 1103 1299 1168; x_wconf 87' lang='lat' dir='ltr'><strong>id</strong></span> <span class='ocrx_word' id='word_1_62' title='bbox 1324 1102 1456 1190; x_wconf 88' lang='lat' dir='ltr'><strong>quidem</strong></span> 
     </span>
     <span class='ocr_line' id='line_1_8' title="bbox 299 1204 1459 1293; baseline 0 -23"><span class='ocrx_word' id='word_1_63' title='bbox 299 1217 347 1272; x_wconf 88' lang='lat' dir='ltr'><strong>est</strong></span> <span class='ocrx_word' id='word_1_64' title='bbox 362 1229 424 1293; x_wconf 94' lang='lat' dir='ltr'><strong>quo</strong></span> <span class='ocrx_word' id='word_1_65' title='bbox 441 1207 565 1293; x_wconf 86' lang='lat' dir='ltr'><strong>agendo</strong></span> <span class='ocrx_word' id='word_1_66' title='bbox 581 1205 692 1292; x_wconf 89' lang='lat' dir='ltr'><strong>perfici</strong></span> <span class='ocrx_word' id='word_1_67' title='bbox 707 1205 803 1269; x_wconf 89' lang='lat' dir='ltr'><strong>debet</strong></span> <span class='ocrx_word' id='word_1_68' title='bbox 819 1204 903 1292; x_wconf 92' lang='lat' dir='ltr'><strong>quod</strong></span> <span class='ocrx_word' id='word_1_69' title='bbox 920 1215 1014 1268; x_wconf 87' lang='lat' dir='ltr'><strong>antea</strong></span> <span class='ocrx_word' id='word_1_70' title='bbox 1029 1205 1089 1269; x_wconf 92' lang='lat' dir='ltr'><strong>nisi</strong></span> <span class='ocrx_word' id='word_1_71' title='bbox 1105 1206 1248 1291; x_wconf 86' lang='lat' dir='ltr'><strong>potentia</strong></span> <span class='ocrx_word' id='word_1_72' title='bbox 1262 1205 1373 1293; x_wconf 89' lang='lat' dir='ltr'><strong>perfici</strong></span> <span class='ocrx_word' id='word_1_73' title='bbox 1390 1228 1459 1270; x_wconf 91' lang='lat' dir='ltr'><strong>non</strong></span> 
     </span>
     <span class='ocr_line' id='line_1_9' title="bbox 299 1307 1460 1396; baseline -0.002 -23"><span class='ocrx_word' id='word_1_74' title='bbox 299 1333 390 1396; x_wconf 88' lang='lat' dir='ltr'><strong>posse</strong></span> <span class='ocrx_word' id='word_1_75' title='bbox 413 1309 515 1373; x_wconf 87' lang='lat' dir='ltr'><strong>visum</strong></span> <span class='ocrx_word' id='word_1_76' title='bbox 538 1317 586 1372; x_wconf 90' lang='lat' dir='ltr'><strong>est</strong></span> <span class='ocrx_word' id='word_1_77' title='bbox 609 1307 702 1389; x_wconf 89' lang='lat' dir='ltr'><strong>(Met.</strong></span> <span class='ocrx_word' id='word_1_78' title='bbox 719 1307 815 1388; x_wconf 91' lang='lat' dir='ltr'>VIII,</span> <span class='ocrx_word' id='word_1_79' title='bbox 831 1308 860 1370; x_wconf 88' lang='grc'><strong>6.</strong></span> <span class='ocrx_word' id='word_1_80' title='bbox 886 1308 997 1371; x_wconf 72' lang='lat' dir='ltr'><strong>rossa</strong></span> <span class='ocrx_word' id='word_1_81' title='bbox 1012 1308 1054 1370; x_wconf 87' lang='lat'><strong>30</strong></span> <span class='ocrx_word' id='word_1_82' title='bbox 1071 1309 1168 1393; x_wconf 86' lang='lat' dir='ltr'><strong>sqq).</strong></span> <span class='ocrx_word' id='word_1_83' title='bbox 1207 1307 1299 1386; x_wconf 82' lang='lat' dir='ltr'><strong>Quae</strong></span> <span class='ocrx_word' id='word_1_84' title='bbox 1321 1333 1394 1374; x_wconf 92' lang='lat' dir='ltr'><strong>cum</strong></span> <span class='ocrx_word' id='word_1_85' title='bbox 1410 1308 1460 1373; x_wconf 85' lang='lat' dir='ltr'><strong>ita</strong></span> 
     </span>
     <span class='ocr_line' id='line_1_10' title="bbox 299 1403 1459 1499; baseline 0.002 -25"><span class='ocrx_word' id='word_1_86' title='bbox 299 1412 376 1492; x_wconf 89' lang='lat' dir='ltr'><strong>sint,</strong></span> <span class='ocrx_word' id='word_1_87' title='bbox 407 1412 530 1498; x_wconf 86' lang='lat' dir='ltr'><strong>agendo</strong></span> <span class='ocrx_word' id='word_1_88' title='bbox 554 1449 595 1457; x_wconf 89' lang='lat'>-</span> <span class='ocrx_word' id='word_1_89' title='bbox 622 1403 769 1499; x_wconf 51' lang='grc' dir='ltr'><strong><em>ἐνεργείᾳ</em></strong></span> <span class='ocrx_word' id='word_1_90' title='bbox 797 1447 835 1456; x_wconf 82' lang='lat'><em>-</em></span> <span class='ocrx_word' id='word_1_91' title='bbox 864 1432 905 1473; x_wconf 90' lang='lat' dir='ltr'><strong>ex</strong></span> <span class='ocrx_word' id='word_1_92' title='bbox 928 1409 1112 1474; x_wconf 84' lang='lat' dir='ltr'><strong>Aristotelis</strong></span> <span class='ocrx_word' id='word_1_93' title='bbox 1135 1411 1295 1475; x_wconf 86' lang='lat' dir='ltr'><strong>sententia</strong></span> <span class='ocrx_word' id='word_1_94' title='bbox 1316 1413 1459 1476; x_wconf 86' lang='lat' dir='ltr'><strong>formam</strong></span> 
     </span>
     <span class='ocr_line' id='line_1_11' title="bbox 301 1511 1458 1600; baseline -0.002 -22"><span class='ocrx_word' id='word_1_95' title='bbox 301 1514 457 1578; x_wconf 84' lang='lat' dir='ltr'><strong>contineri</strong></span> <span class='ocrx_word' id='word_1_96' title='bbox 480 1513 653 1579; x_wconf 88' lang='lat' dir='ltr'><strong>dicendum</strong></span> <span class='ocrx_word' id='word_1_97' title='bbox 674 1523 737 1594; x_wconf 88' lang='lat' dir='ltr'><strong>est,</strong></span> <span class='ocrx_word' id='word_1_98' title='bbox 765 1535 828 1600; x_wconf 88' lang='lat' dir='ltr'><strong>qua</strong></span> <span class='ocrx_word' id='word_1_99' title='bbox 850 1511 881 1575; x_wconf 91' lang='lat' dir='ltr'><strong>in</strong></span> <span class='ocrx_word' id='word_1_100' title='bbox 907 1535 942 1576; x_wconf 87' lang='lat' dir='ltr'><strong>re</strong></span> <span class='ocrx_word' id='word_1_101' title='bbox 965 1513 1104 1598; x_wconf 90' lang='lat' dir='ltr'><strong>primum</strong></span> <span class='ocrx_word' id='word_1_102' title='bbox 1128 1511 1233 1578; x_wconf 78' lang='lat' dir='ltr'>Inesse</span> <span class='ocrx_word' id='word_1_103' title='bbox 1256 1513 1458 1579; x_wconf 82' lang='lat' dir='ltr'><strong>educationis</strong></span> 
     </span>
     <span class='ocr_line' id='line_1_12' title="bbox 298 1614 1457 1704; baseline -0.001 -22"><span class='ocrx_word' id='word_1_104' title='bbox 298 1618 428 1682; x_wconf 88' lang='lat' dir='ltr'><strong>moralis</strong></span> <span class='ocrx_word' id='word_1_105' title='bbox 451 1616 641 1704; x_wconf 91' lang='lat' dir='ltr'><strong>principium</strong></span> <span class='ocrx_word' id='word_1_106' title='bbox 665 1615 895 1696; x_wconf 80' lang='lat' dir='ltr'><strong>contendimus,</strong></span> <span class='ocrx_word' id='word_1_107' title='bbox 920 1614 949 1677; x_wconf 90' lang='lat' dir='ltr'><strong>h.</strong></span> <span class='ocrx_word' id='word_1_108' title='bbox 968 1635 994 1677; x_wconf 92' lang='lat' dir='ltr'><strong>e.</strong></span> <span class='ocrx_word' id='word_1_109' title='bbox 1017 1615 1177 1681; x_wconf 84' lang='lat' dir='ltr'><strong>actionem</strong></span> <span class='ocrx_word' id='word_1_110' title='bbox 1198 1639 1262 1703; x_wconf 87' lang='lat' dir='ltr'><strong>qua</strong></span> <span class='ocrx_word' id='word_1_111' title='bbox 1278 1617 1457 1681; x_wconf 84' lang='lat' dir='ltr'><strong>consuefiet</strong></span> 
     </span>
     <span class='ocr_line' id='line_1_13' title="bbox 296 1716 1456 1806; baseline -0.002 -22"><span class='ocrx_word' id='word_1_112' title='bbox 296 1721 403 1800; x_wconf 91' lang='lat' dir='ltr'><strong>homo,</strong></span> <span class='ocrx_word' id='word_1_113' title='bbox 427 1742 516 1784; x_wconf 91' lang='lat' dir='ltr'><strong>suam</strong></span> <span class='ocrx_word' id='word_1_114' title='bbox 539 1718 659 1784; x_wconf 89' lang='lat' dir='ltr'><strong>scilicet</strong></span> <span class='ocrx_word' id='word_1_115' title='bbox 682 1719 782 1806; x_wconf 90' lang='lat' dir='ltr'><strong>ipsius</strong></span> <span class='ocrx_word' id='word_1_116' title='bbox 799 1716 967 1799; x_wconf 87' lang='lat' dir='ltr'><strong>actionem,</strong></span> <span class='ocrx_word' id='word_1_117' title='bbox 991 1718 1016 1780; x_wconf 88' lang='lat' dir='ltr'><strong>si</strong></span> <span class='ocrx_word' id='word_1_118' title='bbox 1033 1719 1171 1804; x_wconf 89' lang='lat' dir='ltr'><strong>quidem,</strong></span> <span class='ocrx_word' id='word_1_119' title='bbox 1195 1729 1231 1784; x_wconf 92' lang='lat' dir='ltr'><strong>ut</strong></span> <span class='ocrx_word' id='word_1_120' title='bbox 1246 1742 1317 1782; x_wconf 91' lang='lat' dir='ltr'><strong>cum</strong></span> <span class='ocrx_word' id='word_1_121' title='bbox 1333 1718 1456 1783; x_wconf 90' lang='lat' dir='ltr'><strong>Nostro</strong></span> 
     </span>
     <span class='ocr_line' id='line_1_14' title="bbox 297 1815 1457 1909; baseline -0.001 -23"><span class='ocrx_word' id='word_1_122' title='bbox 297 1823 388 1905; x_wconf 80' lang='lat' dir='ltr'><strong>(Eth.</strong></span> <span class='ocrx_word' id='word_1_123' title='bbox 409 1823 450 1886; x_wconf 90' lang='lat' dir='ltr'><strong>N.</strong></span> <span class='ocrx_word' id='word_1_124' title='bbox 472 1821 516 1902; x_wconf 88' lang='grc' dir='ltr'><strong>ΙΙ,</strong></span> <span class='ocrx_word' id='word_1_125' title='bbox 537 1826 564 1885; x_wconf 90' lang='grc'><strong>1.</strong></span> <span class='ocrx_word' id='word_1_126' title='bbox 594 1822 698 1886; x_wconf 79' lang='lat' dir='ltr'><strong>1103t</strong></span> <span class='ocrx_word' id='word_1_127' title='bbox 714 1824 772 1906; x_wconf 75' lang='lat'><strong>213</strong></span> <span class='ocrx_word' id='word_1_128' title='bbox 795 1843 816 1885; x_wconf 87' lang='grc' dir='ltr'><strong><em>α</em></strong></span> <span class='ocrx_word' id='word_1_129' title='bbox 831 1821 887 1902; x_wconf 83' lang='grc'><strong>33)</strong></span> <span class='ocrx_word' id='word_1_130' title='bbox 915 1843 978 1884; x_wconf 90' lang='lat' dir='ltr'><strong>una</strong></span> <span class='ocrx_word' id='word_1_131' title='bbox 1007 1843 1086 1886; x_wconf 90' lang='lat' dir='ltr'><strong>voce</strong></span> <span class='ocrx_word' id='word_1_132' title='bbox 1110 1815 1174 1904; x_wconf 77' lang='grc' dir='ltr'><strong>(ἑνί</strong></span> <span class='ocrx_word' id='word_1_133' title='bbox 1200 1816 1302 1908; x_wconf 78' lang='grc' dir='ltr'>λόγῳ)</span> <span class='ocrx_word' id='word_1_134' title='bbox 1329 1823 1457 1909; x_wconf 88' lang='lat' dir='ltr'><strong>loquar,</strong></span> 
     </span>
     <span class='ocr_line' id='line_1_15' title="bbox 298 1917 1453 2013; baseline 0.001 -24"><span class='ocrx_word' id='word_1_135' title='bbox 298 1947 339 1989; x_wconf 84' lang='lat' dir='ltr'><strong>cx</strong></span> <span class='ocrx_word' id='word_1_136' title='bbox 373 1924 527 1989; x_wconf 84' lang='lat' dir='ltr'><strong>similibus</strong></span> <span class='ocrx_word' id='word_1_137' title='bbox 562 1923 739 1988; x_wconf 83' lang='lat' dir='ltr'><strong>actionibus</strong></span> <span class='ocrx_word' id='word_1_138' title='bbox 774 1918 825 2005; x_wconf 72' lang='lat' dir='ltr'><strong>(ia</strong></span> <span class='ocrx_word' id='word_1_139' title='bbox 853 1924 918 1988; x_wconf 84' lang='grc' dir='ltr'><strong>τῶν</strong></span> <span class='ocrx_word' id='word_1_140' title='bbox 946 1917 1071 2005; x_wconf 84' lang='grc' dir='ltr'><strong><em>ὁμοίων</em></strong></span> <span class='ocrx_word' id='word_1_141' title='bbox 1099 1920 1301 2013; x_wconf 73' lang='grc' dir='ltr'><strong><em>ἐνεργείων),</em></strong></span> <span class='ocrx_word' id='word_1_142' title='bbox 1336 1926 1453 1990; x_wconf 90' lang='lat' dir='ltr'><strong>iterum</strong></span> 
     </span>
     <span class='ocr_line' id='line_1_16' title="bbox 296 2024 1457 2115; baseline 0.002 -23"><span class='ocrx_word' id='word_1_143' title='bbox 296 2029 473 2113; x_wconf 83' lang='lat' dir='ltr'><strong>iterumque</strong></span> <span class='ocrx_word' id='word_1_144' title='bbox 495 2027 650 2115; x_wconf 90' lang='lat' dir='ltr'><strong>repetitis,</strong></span> <span class='ocrx_word' id='word_1_145' title='bbox 675 2025 799 2091; x_wconf 88' lang='lat' dir='ltr'><strong>habitus</strong></span> <span class='ocrx_word' id='word_1_146' title='bbox 822 2026 867 2090; x_wconf 92' lang='lat' dir='ltr'><strong>illi</strong></span> <span class='ocrx_word' id='word_1_147' title='bbox 892 2024 1008 2108; x_wconf 70' lang='grc' dir='ltr'><strong><em>(ἕξεις)</em></strong></span> <span class='ocrx_word' id='word_1_148' title='bbox 1031 2029 1168 2093; x_wconf 87' lang='lat' dir='ltr'><strong>morales</strong></span> <span class='ocrx_word' id='word_1_149' title='bbox 1191 2031 1389 2111; x_wconf 84' lang='lat' dir='ltr'><strong>exoriuntur,</strong></span> <span class='ocrx_word' id='word_1_150' title='bbox 1413 2039 1457 2094; x_wconf 77' lang='lat' dir='ltr'><strong>at</strong></span> 
     </span>
     <span class='ocr_line' id='line_1_17' title="bbox 297 2128 1456 2219; baseline 0 -24"><span class='ocrx_word' id='word_1_151' title='bbox 297 2153 359 2218; x_wconf 89' lang='lat' dir='ltr'><strong>que</strong></span> <span class='ocrx_word' id='word_1_152' title='bbox 383 2129 561 2194; x_wconf 87' lang='lat' dir='ltr'><strong>exercendo</strong></span> <span class='ocrx_word' id='word_1_153' title='bbox 585 2128 775 2217; x_wconf 83' lang='lat' dir='ltr'><strong>agendoque</strong></span> <span class='ocrx_word' id='word_1_154' title='bbox 797 2129 981 2212; x_wconf 90' lang='lat' dir='ltr'><strong>discuntur,</strong></span> <span class='ocrx_word' id='word_1_155' title='bbox 1011 2153 1093 2218; x_wconf 89' lang='lat' dir='ltr'><strong>quae</strong></span> <span class='ocrx_word' id='word_1_156' title='bbox 1115 2141 1286 2219; x_wconf 88' lang='lat' dir='ltr'><strong>postquam</strong></span> <span class='ocrx_word' id='word_1_157' title='bbox 1311 2130 1456 2197; x_wconf 85' lang='lat' dir='ltr'><strong>didiceri-</strong></span> 
     </span>
     <span class='ocr_line' id='line_1_18' title="bbox 297 2229 1453 2319; baseline 0.003 -21"><span class='ocrx_word' id='word_1_158' title='bbox 297 2258 368 2298; x_wconf 87' lang='lat' dir='ltr'><strong>mus</strong></span> <span class='ocrx_word' id='word_1_159' title='bbox 396 2257 530 2318; x_wconf 83' lang='lat' dir='ltr'><strong>agamus</strong></span> <span class='ocrx_word' id='word_1_160' title='bbox 560 2253 832 2319; x_wconf 86' lang='lat' dir='ltr'><strong>exerceamusque</strong></span> <span class='ocrx_word' id='word_1_161' title='bbox 860 2241 989 2318; x_wconf 87' lang='lat' dir='ltr'><strong>oportet</strong></span> <span class='ocrx_word' id='word_1_162' title='bbox 1016 2237 1210 2316; x_wconf 78' lang='grc' dir='ltr'><strong><em>(ποιοῦντες</em></strong></span> <span class='ocrx_word' id='word_1_163' title='bbox 1236 2229 1453 2317; x_wconf 75' lang='grc' dir='ltr'><strong><em>μανθάνομεν</em></strong></span> 
     </span>
     <span class='ocr_line' id='line_1_19' title="bbox 297 2329 1452 2418; baseline 0.001 -15"><span class='ocrx_word' id='word_1_164' title='bbox 297 2329 320 2403; x_wconf 75' lang='lat' dir='ltr'><strong>d</strong></span> <span class='ocrx_word' id='word_1_165' title='bbox 342 2339 395 2403; x_wconf 81' lang='grc' dir='ltr'><strong>δεῖ</strong></span> <span class='ocrx_word' id='word_1_166' title='bbox 413 2331 587 2418; x_wconf 76' lang='grc' dir='ltr'><strong><em>μαθόντας</em></strong></span> <span class='ocrx_word' id='word_1_167' title='bbox 609 2337 747 2418; x_wconf 79' lang='grc' dir='ltr'><strong><em>ποιεῖν),</em></strong></span> <span class='ocrx_word' id='word_1_168' title='bbox 786 2335 914 2399; x_wconf 85' lang='lat' dir='ltr'><strong>Etenim</strong></span> <span class='ocrx_word' id='word_1_169' title='bbox 938 2336 1048 2401; x_wconf 86' lang='lat' dir='ltr'><strong>vivere</strong></span> <span class='ocrx_word' id='word_1_170' title='bbox 1071 2361 1112 2402; x_wconf 86' lang='lat' dir='ltr'><strong>ex</strong></span> <span class='ocrx_word' id='word_1_171' title='bbox 1141 2338 1247 2402; x_wconf 85' lang='lat' dir='ltr'><strong>animo</strong></span> <span class='ocrx_word' id='word_1_172' title='bbox 1270 2338 1452 2404; x_wconf 86' lang='lat' dir='ltr'><strong>Aristotelis</strong></span> 
     </span>
     <span class='ocr_line' id='line_1_20' title="bbox 297 2439 1452 2529; baseline 0.002 -24"><span class='ocrx_word' id='word_1_173' title='bbox 297 2443 364 2505; x_wconf 86' lang='lat' dir='ltr'><strong>fere</strong></span> <span class='ocrx_word' id='word_1_174' title='bbox 386 2441 469 2504; x_wconf 89' lang='lat' dir='ltr'><strong>idem</strong></span> <span class='ocrx_word' id='word_1_175' title='bbox 494 2440 580 2504; x_wconf 84' lang='lat' dir='ltr'><strong>velet</strong></span> <span class='ocrx_word' id='word_1_176' title='bbox 603 2450 699 2527; x_wconf 86' lang='lat' dir='ltr'><strong>atque</strong></span> <span class='ocrx_word' id='word_1_177' title='bbox 721 2440 827 2525; x_wconf 90' lang='lat' dir='ltr'><strong>ipsum</strong></span> <span class='ocrx_word' id='word_1_178' title='bbox 850 2461 947 2526; x_wconf 86' lang='lat' dir='ltr'><strong>agere</strong></span> <span class='ocrx_word' id='word_1_179' title='bbox 975 2439 1035 2523; x_wconf 90' lang='lat' dir='ltr'><strong>(ib.</strong></span> <span class='ocrx_word' id='word_1_180' title='bbox 1052 2440 1115 2520; x_wconf 90' lang='lat' dir='ltr'><strong>IX,</strong></span> <span class='ocrx_word' id='word_1_181' title='bbox 1136 2441 1167 2506; x_wconf 88' lang='grc'><strong>9.</strong></span> <span class='ocrx_word' id='word_1_182' title='bbox 1193 2441 1356 2506; x_wconf 79' lang='lat' dir='ltr'><strong>1170a17</strong></span> <span class='ocrx_word' id='word_1_183' title='bbox 1374 2444 1452 2529; x_wconf 77' lang='lat' dir='ltr'><strong>sq).</strong></span> 
     </span>
     <span class='ocr_line' id='line_1_21' title="bbox 297 2541 1452 2630; baseline -0.003 -20"><span class='ocrx_word' id='word_1_184' title='bbox 297 2544 364 2612; x_wconf 92' lang='lat' dir='ltr'><strong>Ubi</strong></span> <span class='ocrx_word' id='word_1_185' title='bbox 386 2543 495 2630; x_wconf 82' lang='lat' dir='ltr'><strong>igitur,</strong></span> <span class='ocrx_word' id='word_1_186' title='bbox 514 2580 550 2590; x_wconf 92' lang='lat'><em>-</em></span> <span class='ocrx_word' id='word_1_187' title='bbox 568 2551 603 2606; x_wconf 92' lang='lat' dir='ltr'><strong>ut</strong></span> <span class='ocrx_word' id='word_1_188' title='bbox 625 2542 725 2606; x_wconf 89' lang='lat' dir='ltr'><strong>verba</strong></span> <span class='ocrx_word' id='word_1_189' title='bbox 746 2541 853 2605; x_wconf 88' lang='lat' dir='ltr'><strong>verbis</strong></span> <span class='ocrx_word' id='word_1_190' title='bbox 878 2564 974 2629; x_wconf 90' lang='lat' dir='ltr'><strong>supra</strong></span> <span class='ocrx_word' id='word_1_191' title='bbox 998 2542 1120 2608; x_wconf 89' lang='lat' dir='ltr'><strong>collatis</strong></span> <span class='ocrx_word' id='word_1_192' title='bbox 1144 2552 1319 2626; x_wconf 86' lang='lat' dir='ltr'><strong>conectam,</strong></span> <span class='ocrx_word' id='word_1_193' title='bbox 1340 2579 1381 2590; x_wconf 88' lang='lat'>-</span> <span class='ocrx_word' id='word_1_194' title='bbox 1396 2543 1452 2608; x_wconf 92' lang='lat' dir='ltr'><strong>ubi</strong></span> 
     </span>
     <span class='ocr_line' id='line_1_22' title="bbox 296 2639 1447 2733; baseline -0.001 -22"><span class='ocrx_word' id='word_1_195' title='bbox 296 2656 538 2733; x_wconf 86' lang='lat' dir='ltr'><strong>neque-natura</strong></span> <span class='ocrx_word' id='word_1_196' title='bbox 560 2639 624 2710; x_wconf 60' lang='lat' dir='ltr'><strong>nec&#39;</strong></span> <span class='ocrx_word' id='word_1_197' title='bbox 643 2653 772 2732; x_wconf 87' lang='lat' dir='ltr'><strong>praeter</strong></span> <span class='ocrx_word' id='word_1_198' title='bbox 794 2653 942 2709; x_wconf 90' lang='lat' dir='ltr'><strong>naturam</strong></span> <span class='ocrx_word' id='word_1_199' title='bbox 971 2645 1027 2709; x_wconf 87' lang='lat' dir='ltr'><strong>sed</strong></span> <span class='ocrx_word' id='word_1_200' title='bbox 1050 2669 1139 2711; x_wconf 92' lang='lat' dir='ltr'><strong>more</strong></span> <span class='ocrx_word' id='word_1_201' title='bbox 1162 2670 1200 2711; x_wconf 86' lang='lat' dir='ltr'><strong>ac</strong></span> <span class='ocrx_word' id='word_1_202' title='bbox 1222 2644 1447 2712; x_wconf 85' lang='lat' dir='ltr'><strong>consuetudine</strong></span> 
     </span>
     <span class='ocr_line' id='line_1_23' title="bbox 296 2745 1444 2836; baseline -0.004 -22"><span class='ocrx_word' id='word_1_203' title='bbox 296 2747 460 2836; x_wconf 72' lang='grc' dir='ltr'><strong>(ἐθισμῷ)</strong></span> <span class='ocrx_word' id='word_1_204' title='bbox 496 2749 621 2813; x_wconf 88' lang='lat' dir='ltr'><strong>habitus</strong></span> <span class='ocrx_word' id='word_1_205' title='bbox 649 2747 675 2812; x_wconf 90' lang='lat' dir='ltr'><strong>is</strong></span> <span class='ocrx_word' id='word_1_206' title='bbox 704 2746 758 2834; x_wconf 92' lang='lat' dir='ltr'><strong>qui</strong></span> <span class='ocrx_word' id='word_1_207' title='bbox 788 2757 835 2811; x_wconf 91' lang='lat' dir='ltr'><strong>est</strong></span> <span class='ocrx_word' id='word_1_208' title='bbox 862 2747 991 2812; x_wconf 87' lang='lat' dir='ltr'><strong>moralis</strong></span> <span class='ocrx_word' id='word_1_209' title='bbox 1021 2749 1201 2836; x_wconf 87' lang='lat' dir='ltr'><strong>perficitur:</strong></span> <span class='ocrx_word' id='word_1_210' title='bbox 1233 2749 1275 2814; x_wconf 88' lang='lat' dir='ltr'><strong>ibi</strong></span> <span class='ocrx_word' id='word_1_211' title='bbox 1306 2745 1444 2811; x_wconf 91' lang='lat' dir='ltr'><strong>omnium</strong></span> 
     </span>
     <span class='ocr_line' id='line_1_24' title="bbox 295 2849 1448 2939; baseline -0.003 -22"><span class='ocrx_word' id='word_1_212' title='bbox 295 2874 402 2917; x_wconf 90' lang='lat' dir='ltr'><strong>rerum</strong></span> <span class='ocrx_word' id='word_1_213' title='bbox 425 2873 644 2939; x_wconf 89' lang='lat' dir='ltr'><strong>quaecumque</strong></span> <span class='ocrx_word' id='word_1_214' title='bbox 661 2861 810 2916; x_wconf 82' lang='lat' dir='ltr'><strong>enatura</strong></span> <span class='ocrx_word' id='word_1_215' title='bbox 829 2849 920 2915; x_wconf 92' lang='lat' dir='ltr'><strong>nobis</strong></span> <span class='ocrx_word' id='word_1_216' title='bbox 943 2851 1129 2932; x_wconf 88' lang='lat' dir='ltr'><strong>obveniunt,</strong></span> <span class='ocrx_word' id='word_1_217' title='bbox 1153 2875 1261 2918; x_wconf 88' lang='lat' dir='ltr'><strong>carum</strong></span> <span class='ocrx_word' id='word_1_218' title='bbox 1281 2849 1448 2916; x_wconf 81' lang='lat' dir='ltr'><strong>facultates</strong></span> 
     </span>
     <span class='ocr_line' id='line_1_25' title="bbox 296 2941 1450 3042; baseline 0 -24"><span class='ocrx_word' id='word_1_219' title='bbox 296 2955 383 3042; x_wconf 91' lang='lat' dir='ltr'><strong>prius</strong></span> <span class='ocrx_word' id='word_1_220' title='bbox 412 2955 583 3020; x_wconf 88' lang='lat' dir='ltr'><strong>auferimus</strong></span> <span class='ocrx_word' id='word_1_221' title='bbox 612 2977 745 3041; x_wconf 87' lang='lat' dir='ltr'><strong>quarum</strong></span> <span class='ocrx_word' id='word_1_222' title='bbox 776 2953 1014 3038; x_wconf 85' lang='lat' dir='ltr'><strong>perfunctiones</strong></span> <span class='ocrx_word' id='word_1_223' title='bbox 1041 2964 1185 3020; x_wconf 87' lang='lat' dir='ltr'><strong>nostrum</strong></span> <span class='ocrx_word' id='word_1_224' title='bbox 1216 2966 1265 3020; x_wconf 85' lang='lat' dir='ltr'><strong>est</strong></span> <span class='ocrx_word' id='word_1_225' title='bbox 1286 2941 1450 3042; x_wconf 85' lang='lat' dir='ltr'><strong>tamquam</strong></span> 
     </span>
     <span class='ocr_line' id='line_1_26' title="bbox 297 3049 1454 3146; baseline 0 -25"><span class='ocrx_word' id='word_1_226' title='bbox 297 3056 405 3122; x_wconf 87' lang='lat' dir='ltr'><strong>debita</strong></span> <span class='ocrx_word' id='word_1_227' title='bbox 425 3057 515 3122; x_wconf 91' lang='lat' dir='ltr'><strong>obire</strong></span> <span class='ocrx_word' id='word_1_228' title='bbox 538 3068 634 3145; x_wconf 85' lang='lat' dir='ltr'><strong>atque</strong></span> <span class='ocrx_word' id='word_1_229' title='bbox 658 3057 824 3122; x_wconf 88' lang='lat' dir='ltr'><strong>exsolvere</strong></span> <span class='ocrx_word' id='word_1_230' title='bbox 846 3049 1133 3140; x_wconf 74' lang='lat' dir='ltr'><strong>(dnodtddvuc)²).</strong></span> <span class='ocrx_word' id='word_1_231' title='bbox 1168 3097 1204 3104; x_wconf 90' lang='lat'>-</span> <span class='ocrx_word' id='word_1_232' title='bbox 1244 3059 1359 3146; x_wconf 86' lang='lat' dir='ltr'><strong>Itaque</strong></span> <span class='ocrx_word' id='word_1_233' title='bbox 1381 3057 1454 3122; x_wconf 87' lang='lat' dir='ltr'><strong>fieri</strong></span> 
     </span>
     <span class='ocr_line' id='line_1_27' title="bbox 296 3159 1454 3249; baseline 0 -23"><span class='ocrx_word' id='word_1_234' title='bbox 296 3161 402 3241; x_wconf 87' lang='lat' dir='ltr'><strong>debet,</strong></span> <span class='ocrx_word' id='word_1_235' title='bbox 426 3170 461 3224; x_wconf 90' lang='lat' dir='ltr'><strong>ut</strong></span> <span class='ocrx_word' id='word_1_236' title='bbox 476 3161 613 3247; x_wconf 82' lang='lat' dir='ltr'><strong>agendo,</strong></span> <span class='ocrx_word' id='word_1_237' title='bbox 629 3170 660 3224; x_wconf 88' lang='lat' dir='ltr'><strong>et</strong></span> <span class='ocrx_word' id='word_1_238' title='bbox 675 3160 801 3246; x_wconf 88' lang='lat' dir='ltr'><strong>saepius</strong></span> <span class='ocrx_word' id='word_1_239' title='bbox 817 3181 855 3224; x_wconf 88' lang='lat' dir='ltr'><strong>ac</strong></span> <span class='ocrx_word' id='word_1_240' title='bbox 871 3159 976 3246; x_wconf 85' lang='lat' dir='ltr'><strong>longe,</strong></span> <span class='ocrx_word' id='word_1_241' title='bbox 997 3161 1114 3226; x_wconf 91' lang='lat' dir='ltr'><strong>iterum</strong></span> <span class='ocrx_word' id='word_1_242' title='bbox 1129 3161 1309 3249; x_wconf 89' lang='lat' dir='ltr'><strong>iterumque</strong></span> <span class='ocrx_word' id='word_1_243' title='bbox 1325 3161 1454 3249; x_wconf 84' lang='lat' dir='ltr'><strong>agendo</strong></span> 
     </span>
     <span class='ocr_line' id='line_1_28' title="bbox 298 3255 1455 3353; baseline -0.003 -22"><span class='ocrx_word' id='word_1_244' title='bbox 298 3305 334 3312; x_wconf 91' lang='lat'>-</span> <span class='ocrx_word' id='word_1_245' title='bbox 356 3261 418 3347; x_wconf 86' lang='grc' dir='ltr'><strong>μία</strong></span> <span class='ocrx_word' id='word_1_246' title='bbox 441 3261 503 3350; x_wconf 77' lang='grc' dir='ltr'><strong>γὰρ</strong></span> <span class='ocrx_word' id='word_1_247' title='bbox 522 3261 664 3346; x_wconf 78' lang='grc' dir='ltr'><strong><em>χελιδών</em></strong></span> <span class='ocrx_word' id='word_1_248' title='bbox 685 3259 745 3350; x_wconf 73' lang='grc' dir='ltr'><strong>ἔαρ</strong></span> <span class='ocrx_word' id='word_1_249' title='bbox 770 3255 809 3329; x_wconf 80' lang='lat' dir='ltr'><strong>ori</strong></span> <span class='ocrx_word' id='word_1_250' title='bbox 833 3266 940 3344; x_wconf 81' lang='grc' dir='ltr'><strong><em>ποιεῖ,</em></strong></span> <span class='ocrx_word' id='word_1_251' title='bbox 965 3256 1045 3331; x_wconf 76' lang='grc' dir='ltr'><em>οὐδὲ</em></span> <span class='ocrx_word' id='word_1_252' title='bbox 1066 3261 1128 3348; x_wconf 92' lang='grc' dir='ltr'><strong>μία</strong></span> <span class='ocrx_word' id='word_1_253' title='bbox 1149 3259 1257 3353; x_wconf 81' lang='grc' dir='ltr'><strong><em>ἡμέρα</em></strong></span> <span class='ocrx_word' id='word_1_254' title='bbox 1288 3266 1347 3347; x_wconf 92' lang='lat' dir='ltr'><strong>(ib.</strong></span> <span class='ocrx_word' id='word_1_255' title='bbox 1371 3265 1398 3346; x_wconf 91' lang='lat' dir='ltr'><strong>I,</strong></span> <span class='ocrx_word' id='word_1_256' title='bbox 1422 3265 1455 3328; x_wconf 85' lang='lat'><strong>6.</strong></span> 
     </span>
    </p>
   </div>
   <div class='ocr_carea' id='block_1_3' title="bbox 297 3361 1564 3450">
    <p class='ocr_par' dir='ltr' id='par_1_3' title="bbox 297 3361 1564 3450">
     <span class='ocr_line' id='line_1_29' title="bbox 297 3361 1564 3450; baseline -0.003 -16"><span class='ocrx_word' id='word_1_257' title='bbox 297 3370 584 3450; x_wconf 78' lang='lat' dir='ltr'><strong>1098a18)-et</strong></span> <span class='ocrx_word' id='word_1_258' title='bbox 608 3365 902 3434; x_wconf 77' lang='lat' dir='ltr'><strong>consuescendo-</strong></span> <span class='ocrx_word' id='word_1_259' title='bbox 925 3361 960 3432; x_wconf 75' lang='grc' dir='ltr'><strong>ἐν</strong></span> <span class='ocrx_word' id='word_1_260' title='bbox 981 3371 1051 3445; x_wconf 80' lang='grc' dir='ltr'><strong><em>τοῖς</em></strong></span> <span class='ocrx_word' id='word_1_261' title='bbox 1074 3361 1207 3450; x_wconf 84' lang='grc' dir='ltr'><strong><em>ὁμοίοις</em></strong></span> <span class='ocrx_word' id='word_1_262' title='bbox 1227 3362 1386 3450; x_wconf 72' lang='grc' dir='ltr'><strong><em>ἐθισμός,</em></strong></span> <span class='ocrx_word' id='word_1_263' title='bbox 1417 3376 1456 3431; x_wconf 91' lang='lat' dir='ltr'><strong>ut</strong></span> <span class='ocrx_word' id='word_1_264' title='bbox 1563 3383 1564 3386; x_wconf 73' lang='grc'>’</span> 
     </span>
    </p>
   </div>
   <div class='ocr_carea' id='block_1_4' title="bbox 295 3468 1457 3765">
    <p class='ocr_par' dir='ltr' id='par_1_4' title="bbox 295 3468 1457 3765">
     <span class='ocr_line' id='line_1_30' title="bbox 295 3468 1455 3559; baseline -0.003 -23"><span class='ocrx_word' id='word_1_265' title='bbox 295 3473 357 3538; x_wconf 88' lang='lat' dir='ltr'><strong>alia</strong></span> <span class='ocrx_word' id='word_1_266' title='bbox 380 3473 496 3537; x_wconf 90' lang='lat' dir='ltr'><strong>dicitur</strong></span> <span class='ocrx_word' id='word_1_267' title='bbox 519 3472 688 3536; x_wconf 84' lang='lat' dir='ltr'><strong>occasione</strong></span> <span class='ocrx_word' id='word_1_268' title='bbox 711 3469 796 3554; x_wconf 86' lang='lat' dir='ltr'><strong>(Pol.</strong></span> <span class='ocrx_word' id='word_1_269' title='bbox 812 3468 852 3546; x_wconf 88' lang='lat' dir='ltr'><strong>V,</strong></span> <span class='ocrx_word' id='word_1_270' title='bbox 874 3469 903 3533; x_wconf 77' lang='grc' dir='ltr'><strong>ὃ.</strong></span> <span class='ocrx_word' id='word_1_271' title='bbox 931 3472 1039 3536; x_wconf 85' lang='grc' dir='ltr'><strong>134οα</strong></span> <span class='ocrx_word' id='word_1_272' title='bbox 1053 3473 1111 3554; x_wconf 83' lang='lat'><strong>23)</strong></span> <span class='ocrx_word' id='word_1_273' title='bbox 1136 3510 1172 3519; x_wconf 94' lang='lat'>—</span> <span class='ocrx_word' id='word_1_274' title='bbox 1198 3484 1231 3537; x_wconf 91' lang='lat' dir='ltr'><strong>ut</strong></span> <span class='ocrx_word' id='word_1_275' title='bbox 1253 3474 1298 3537; x_wconf 88' lang='lat' dir='ltr'><strong>ita</strong></span> <span class='ocrx_word' id='word_1_276' title='bbox 1321 3469 1455 3559; x_wconf 89' lang='lat' dir='ltr'><strong>quidem</strong></span> 
     </span>
     <span class='ocr_line' id='line_1_31' title="bbox 295 3567 1457 3663; baseline -0.002 -25"><span class='ocrx_word' id='word_1_277' title='bbox 295 3575 390 3640; x_wconf 86' lang='lat' dir='ltr'><strong>aliam</strong></span> <span class='ocrx_word' id='word_1_278' title='bbox 412 3574 503 3640; x_wconf 90' lang='lat' dir='ltr'><strong>nobis</strong></span> <span class='ocrx_word' id='word_1_279' title='bbox 527 3576 678 3640; x_wconf 90' lang='lat' dir='ltr'><strong>virtutem</strong></span> <span class='ocrx_word' id='word_1_280' title='bbox 702 3567 836 3660; x_wconf 74' lang='grc' dir='ltr'><strong><em>(ἀρετὴν</em></strong></span> <span class='ocrx_word' id='word_1_281' title='bbox 852 3567 1008 3660; x_wconf 75' lang='grc' dir='ltr'><strong><em>ἐθιστήν)</em></strong></span> <span class='ocrx_word' id='word_1_282' title='bbox 1032 3574 1190 3663; x_wconf 86' lang='lat' dir='ltr'><strong>aliamque</strong></span> <span class='ocrx_word' id='word_1_283' title='bbox 1212 3587 1359 3641; x_wconf 85' lang='lat' dir='ltr'><strong>naturam</strong></span> <span class='ocrx_word' id='word_1_284' title='bbox 1382 3595 1457 3659; x_wconf 86' lang='lat' dir='ltr'><strong>pro·</strong></span> 
     </span>
     <span class='ocr_line' id='line_1_32' title="bbox 297 3671 1454 3765; baseline -0.001 -24"><span class='ocrx_word' id='word_1_285' title='bbox 297 3701 454 3742; x_wconf 86' lang='lat' dir='ltr'><strong>creemus:</strong></span> <span class='ocrx_word' id='word_1_286' title='bbox 475 3675 516 3743; x_wconf 81' lang='grc' dir='ltr'>τά</span> <span class='ocrx_word' id='word_1_287' title='bbox 539 3671 600 3765; x_wconf 75' lang='grc' dir='ltr'><strong>γαρ</strong></span> <span class='ocrx_word' id='word_1_288' title='bbox 623 3674 688 3764; x_wconf 69' lang='grc' dir='ltr'><strong>ἔθη</strong></span> <span class='ocrx_word' id='word_1_289' title='bbox 708 3676 908 3760; x_wconf 80' lang='grc' dir='ltr'><strong><em>μεταβαλεῖν</em></strong></span> <span class='ocrx_word' id='word_1_290' title='bbox 930 3683 1026 3744; x_wconf 82' lang='grc' dir='ltr'><strong><em>ποιεῖ</em></strong></span> <span class='ocrx_word' id='word_1_291' title='bbox 1047 3678 1082 3761; x_wconf 85' lang='lat' dir='ltr'><strong>(l.</strong></span> <span class='ocrx_word' id='word_1_292' title='bbox 1104 3679 1126 3743; x_wconf 91' lang='lat' dir='ltr'><strong>l.</strong></span> <span class='ocrx_word' id='word_1_293' title='bbox 1142 3679 1201 3760; x_wconf 92' lang='lat' dir='ltr'><strong>IV,</strong></span> <span class='ocrx_word' id='word_1_294' title='bbox 1226 3682 1264 3742; x_wconf 82' lang='lat'><strong>13</strong></span> <span class='ocrx_word' id='word_1_295' title='bbox 1287 3687 1383 3760; x_wconf 82' lang='lat' dir='ltr'><strong>extr.;</strong></span> <span class='ocrx_word' id='word_1_296' title='bbox 1406 3678 1454 3740; x_wconf 89' lang='lat' dir='ltr'><strong>cf.</strong></span> 
     </span>
    </p>
   </div>
   <div class='ocr_carea' id='block_1_5' title="bbox 295 3753 1563 4088">
    <p class='ocr_par' dir='ltr' id='par_1_5' title="bbox 295 3753 1563 4088">
     <span class='ocr_line' id='line_1_33' title="bbox 295 3753 1563 3872; baseline -0.002 -27"><span class='ocrx_word' id='word_1_297' title='bbox 295 3781 390 3845; x_wconf 88' lang='lat' dir='ltr'><strong>Rhet.</strong></span> <span class='ocrx_word' id='word_1_298' title='bbox 407 3753 433 3855; x_wconf 89' lang='lat' dir='ltr'><strong>I,</strong></span> <span class='ocrx_word' id='word_1_299' title='bbox 452 3783 500 3845; x_wconf 93' lang='grc'><strong>11.</strong></span> <span class='ocrx_word' id='word_1_300' title='bbox 528 3780 717 3863; x_wconf 75' lang='grc' dir='ltr'><strong>1371α26).</strong></span> <span class='ocrx_word' id='word_1_301' title='bbox 762 3780 925 3847; x_wconf 89' lang='lat' dir='ltr'><strong>Universa</strong></span> <span class='ocrx_word' id='word_1_302' title='bbox 955 3780 1084 3868; x_wconf 89' lang='lat' dir='ltr'><strong>quidem</strong></span> <span class='ocrx_word' id='word_1_303' title='bbox 1111 3781 1197 3848; x_wconf 88' lang='lat' dir='ltr'><strong>dicta</strong></span> <span class='ocrx_word' id='word_1_304' title='bbox 1225 3781 1325 3846; x_wconf 88' lang='lat' dir='ltr'><strong>habes</strong></span> <span class='ocrx_word' id='word_1_305' title='bbox 1349 3778 1390 3844; x_wconf 88' lang='lat' dir='ltr'><strong>ad</strong></span> <span class='ocrx_word' id='word_1_306' title='bbox 1412 3799 1455 3844; x_wconf 85' lang='lat' dir='ltr'><strong>ea</strong></span> <span class='ocrx_word' id='word_1_307' title='bbox 1562 3861 1563 3872; x_wconf 10' lang='grc' dir='ltr'>ἵ</span> 
     </span>
     <span class='ocr_line' id='line_1_34' title="bbox 297 3877 1454 3974; baseline 0.001 -27"><span class='ocrx_word' id='word_1_308' title='bbox 297 3905 379 3969; x_wconf 86' lang='lat' dir='ltr'><strong>quae</strong></span> <span class='ocrx_word' id='word_1_309' title='bbox 399 3883 518 3949; x_wconf 88' lang='lat' dir='ltr'><strong>Noster</strong></span> <span class='ocrx_word' id='word_1_310' title='bbox 544 3883 723 3971; x_wconf 89' lang='lat' dir='ltr'><strong>proposuit:</strong></span> <span class='ocrx_word' id='word_1_311' title='bbox 752 3885 826 3962; x_wconf 80' lang='grc' dir='ltr'><strong>πῶς</strong></span> <span class='ocrx_word' id='word_1_312' title='bbox 849 3877 931 3969; x_wconf 79' lang='grc' dir='ltr'><strong><em>ἀνὴρ</em></strong></span> <span class='ocrx_word' id='word_1_313' title='bbox 954 3879 1081 3970; x_wconf 81' lang='grc' dir='ltr'><strong><em>γίνεται</em></strong></span> <span class='ocrx_word' id='word_1_314' title='bbox 1106 3886 1307 3970; x_wconf 68' lang='lat' dir='ltr'><strong>denudatos,</strong></span> <span class='ocrx_word' id='word_1_315' title='bbox 1337 3885 1454 3974; x_wconf 91' lang='lat' dir='ltr'><strong>princi·</strong></span> 
     </span>
     <span class='ocr_line' id='line_1_35' title="bbox 297 3986 1562 4088; baseline 0.002 -39"><span class='ocrx_word' id='word_1_316' title='bbox 297 3986 349 4072; x_wconf 90' lang='lat' dir='ltr'><strong>pia</strong></span> <span class='ocrx_word' id='word_1_317' title='bbox 372 3986 455 4051; x_wconf 91' lang='lat' dir='ltr'><strong>enim</strong></span> <span class='ocrx_word' id='word_1_318' title='bbox 478 3988 517 4052; x_wconf 84' lang='lat' dir='ltr'><strong>ad</strong></span> <span class='ocrx_word' id='word_1_319' title='bbox 546 3987 731 4053; x_wconf 88' lang='lat' dir='ltr'><strong>universum</strong></span> <span class='ocrx_word' id='word_1_320' title='bbox 758 3987 919 4076; x_wconf 90' lang='lat' dir='ltr'><strong>quoddam</strong></span> <span class='ocrx_word' id='word_1_321' title='bbox 948 3999 1103 4075; x_wconf 85' lang='lat' dir='ltr'><strong>spectent.</strong></span> <span class='ocrx_word' id='word_1_322' title='bbox 1149 3990 1218 4056; x_wconf 88' lang='lat' dir='ltr'><strong>Iam</strong></span> <span class='ocrx_word' id='word_1_323' title='bbox 1246 4013 1323 4056; x_wconf 88' lang='lat' dir='ltr'><strong>vcro</strong></span> <span class='ocrx_word' id='word_1_324' title='bbox 1346 3989 1378 4054; x_wconf 88' lang='lat' dir='ltr'><strong>in</strong></span> <span class='ocrx_word' id='word_1_325' title='bbox 1401 3988 1454 4054; x_wconf 90' lang='lat' dir='ltr'><strong>his</strong></span> <span class='ocrx_word' id='word_1_326' title='bbox 1561 4079 1562 4088; x_wconf 9' lang='grc' dir='ltr'>ἵ</span> 
     </span>
    </p>
   </div>
   <div class='ocr_carea' id='block_1_6' title="bbox 294 4249 1560 4319">
    <p class='ocr_par' dir='ltr' id='par_1_6' title="bbox 294 4249 1560 4319">
     <span class='ocr_line' id='line_1_36' title="bbox 294 4249 1560 4319; baseline -0.003 -13"><span class='ocrx_word' id='word_1_327' title='bbox 294 4251 370 4308; x_wconf 76' lang='lat' dir='ltr'><strong>255a</strong></span> <span class='ocrx_word' id='word_1_328' title='bbox 382 4253 416 4306; x_wconf 88' lang='grc'><strong>33</strong></span> <span class='ocrx_word' id='word_1_329' title='bbox 430 4253 490 4302; x_wconf 91' lang='lat' dir='ltr'><strong>coll.</strong></span> <span class='ocrx_word' id='word_1_330' title='bbox 503 4251 566 4301; x_wconf 91' lang='lat' dir='ltr'><strong>Met.</strong></span> <span class='ocrx_word' id='word_1_331' title='bbox 580 4251 626 4314; x_wconf 91' lang='lat' dir='ltr'><strong>IX,</strong></span> <span class='ocrx_word' id='word_1_332' title='bbox 641 4250 665 4303; x_wconf 85' lang='lat'><strong>6.</strong></span> <span class='ocrx_word' id='word_1_333' title='bbox 679 4249 770 4306; x_wconf 80' lang='lat' dir='ltr'><strong>1048a</strong></span> <span class='ocrx_word' id='word_1_334' title='bbox 782 4251 828 4312; x_wconf 77' lang='lat'><strong>303</strong></span> <span class='ocrx_word' id='word_1_335' title='bbox 842 4250 873 4302; x_wconf 83' lang='lat' dir='ltr'><strong>dc</strong></span> <span class='ocrx_word' id='word_1_336' title='bbox 886 4268 928 4303; x_wconf 86' lang='lat' dir='ltr'><strong>an.</strong></span> <span class='ocrx_word' id='word_1_337' title='bbox 942 4253 976 4316; x_wconf 89' lang='lat'><strong>11,</strong></span> <span class='ocrx_word' id='word_1_338' title='bbox 990 4252 1014 4305; x_wconf 85' lang='lat'><strong>4.</strong></span> <span class='ocrx_word' id='word_1_339' title='bbox 1029 4251 1103 4306; x_wconf 80' lang='lat' dir='ltr'><strong>412a</strong></span> <span class='ocrx_word' id='word_1_340' title='bbox 1116 4253 1198 4319; x_wconf 77' lang='lat' dir='ltr'><strong>sssqq.</strong></span> <span class='ocrx_word' id='word_1_341' title='bbox 1213 4251 1453 4319; x_wconf 82' lang='lat' dir='ltr'><strong>(Trendelenburg,</strong></span> <span class='ocrx_word' id='word_1_342' title='bbox 1559 4250 1560 4290; x_wconf 63' lang='grc'><strong>1</strong></span> 
     </span>
    </p>
   </div>
   <div class='ocr_carea' id='block_1_7' title="bbox 294 4337 1110 4584">
    <p class='ocr_par' dir='ltr' id='par_1_7' title="bbox 294 4337 1110 4584">
     <span class='ocr_line' id='line_1_37' title="bbox 294 4337 553 4406; baseline -0.004 -16"><span class='ocrx_word' id='word_1_343' title='bbox 294 4356 386 4392; x_wconf 92' lang='lat' dir='ltr'><strong>comm.</strong></span> <span class='ocrx_word' id='word_1_344' title='bbox 400 4357 425 4406; x_wconf 91' lang='lat' dir='ltr'><strong>p.</strong></span> <span class='ocrx_word' id='word_1_345' title='bbox 439 4337 491 4391; x_wconf 80' lang='lat'><strong>295</strong></span> <span class='ocrx_word' id='word_1_346' title='bbox 504 4337 553 4402; x_wconf 80' lang='lat' dir='ltr'><strong>sq.)</strong></span> 
     </span>
     <span class='ocr_line' id='line_1_38' title="bbox 369 4426 947 4494; baseline 0.003 -18"><span class='ocrx_word' id='word_1_347' title='bbox 369 4427 387 4489; x_wconf 77' lang='lat'><strong>¹)</strong></span> <span class='ocrx_word' id='word_1_348' title='bbox 406 4427 444 4476; x_wconf 80' lang='lat' dir='ltr'><strong>Cf.</strong></span> <span class='ocrx_word' id='word_1_349' title='bbox 458 4426 490 4477; x_wconf 88' lang='lat' dir='ltr'><strong>de</strong></span> <span class='ocrx_word' id='word_1_350' title='bbox 502 4442 560 4492; x_wconf 84' lang='lat' dir='ltr'><strong>gen.</strong></span> <span class='ocrx_word' id='word_1_351' title='bbox 574 4432 600 4476; x_wconf 87' lang='lat' dir='ltr'><strong>et</strong></span> <span class='ocrx_word' id='word_1_352' title='bbox 613 4442 677 4478; x_wconf 88' lang='lat' dir='ltr'><strong>corr.</strong></span> <span class='ocrx_word' id='word_1_353' title='bbox 692 4429 713 4489; x_wconf 88' lang='lat'><strong>1,</strong></span> <span class='ocrx_word' id='word_1_354' title='bbox 725 4426 756 4492; x_wconf 83' lang='lat'><strong>4;</strong></span> <span class='ocrx_word' id='word_1_355' title='bbox 776 4427 807 4478; x_wconf 89' lang='lat' dir='ltr'><strong>de</strong></span> <span class='ocrx_word' id='word_1_356' title='bbox 820 4445 860 4478; x_wconf 85' lang='lat' dir='ltr'><strong>an.</strong></span> <span class='ocrx_word' id='word_1_357' title='bbox 874 4430 909 4494; x_wconf 89' lang='grc' dir='ltr'><strong>Π,</strong></span> <span class='ocrx_word' id='word_1_358' title='bbox 923 4429 947 4481; x_wconf 83' lang='lat'><strong>2.</strong></span> 
     </span>
     <span class='ocr_line' id='line_1_39' title="bbox 367 4512 1110 4584; baseline 0.009 -22"><span class='ocrx_word' id='word_1_359' title='bbox 367 4514 386 4578; x_wconf 75' lang='lat'><strong>²)</strong></span> <span class='ocrx_word' id='word_1_360' title='bbox 406 4514 444 4563; x_wconf 84' lang='lat' dir='ltr'><strong>Cf.</strong></span> <span class='ocrx_word' id='word_1_361' title='bbox 460 4515 471 4576; x_wconf 63' lang='lat' dir='ltr'><strong>,t</strong></span> <span class='ocrx_word' id='word_1_362' title='bbox 486 4512 519 4568; x_wconf 88' lang='lat'><strong>19</strong></span> <span class='ocrx_word' id='word_1_363' title='bbox 534 4521 598 4565; x_wconf 85' lang='lat' dir='ltr'><strong>extr.</strong></span> <span class='ocrx_word' id='word_1_364' title='bbox 618 4515 677 4566; x_wconf 92' lang='lat' dir='ltr'><strong>coll.</strong></span> <span class='ocrx_word' id='word_1_365' title='bbox 691 4516 751 4567; x_wconf 89' lang='lat' dir='ltr'><strong>Eth.</strong></span> <span class='ocrx_word' id='word_1_366' title='bbox 766 4516 796 4568; x_wconf 91' lang='lat' dir='ltr'><strong>N.</strong></span> <span class='ocrx_word' id='word_1_367' title='bbox 809 4515 844 4581; x_wconf 87' lang='grc' dir='ltr'><strong>ΙΙ,</strong></span> <span class='ocrx_word' id='word_1_368' title='bbox 858 4516 882 4569; x_wconf 91' lang='lat' dir='ltr'><strong>l.</strong></span> <span class='ocrx_word' id='word_1_369' title='bbox 902 4517 996 4574; x_wconf 88' lang='grc' dir='ltr'><strong>1103α</strong></span> <span class='ocrx_word' id='word_1_370' title='bbox 1008 4519 1043 4572; x_wconf 83' lang='grc'><strong>23</strong></span> <span class='ocrx_word' id='word_1_371' title='bbox 1055 4535 1110 4584; x_wconf 87' lang='lat' dir='ltr'><strong>sqq.</strong></span> 
     </span>
    </p>
   </div>
   <div class='ocr_carea' id='block_1_8' title="bbox 0 0 1582 5252">
    <p class='ocr_par' dir='ltr' id='par_1_8' title="bbox 0 0 1582 5252">
     <span class='ocr_line' id='line_1_40' title="bbox 0 0 1582 5252; baseline 0 1"><span class='ocrx_word' id='word_1_372' title='bbox 0 0 1582 5252; x_wconf 95' lang='lat' dir='ltr'><strong> </strong></span> 
     </span>
    </p>
   </div>
  </div>
 </body>
</html>
