3156 5246
7 581 12 720 t

586 403 797 472 ..49...

106 591 226 650 numne
248 581 282 646 id
304 581 410 670 potius
434 581 493 646 sub
516 579 715 645 voluntatem
740 579 856 644 cadere
887 577 1066 666 (βουλητὸνΙ
1087 569 1190 661 εἶναι)
1218 602 1272 666 pu·

106 697 228 764 temus,
255 685 341 772 quod
364 684 514 762 universe
537 677 686 766 (ἁπλῶς)
715 692 747 748 et
776 683 922 748 absolute
945 683 986 748 sit
1007 683 1127 748 bonum
1159 675 1271 769 (coyc-

106 785 208 872 etv),
237 787 364 874 singulo
393 797 501 852 autem
530 787 646 876 cuique
677 781 838 874 (ἑκάστῳ)
868 786 902 850 id
931 787 1016 874 quod
1048 787 1170 852 bonum
1199 809 1269 850 esse

107 893 256 958 videatur
280 889 334 974 (τὸ
349 885 581 976 φαινόμενον).
615 891 701 956 Fore
723 890 798 954 inde
822 889 944 954 homini
966 890 1068 978 probo
1092 891 1154 976 (τῷ
1170 913 1268 956 σπου-

106 991 210 1082 δαίῳ)
233 994 298 1058 tale
321 994 406 1081 quod
429 1016 464 1058 re
488 1016 565 1059 vera
593 987 681 1077 (κατ’
707 987 908 1080 ἀλήθειαν),
939 1015 1040 1078 pravo
1070 1007 1181 1058 contra
1210 996 1269 1081 (τῷ
1331 985 1333 990 ’

106 1098 145 1166 δὲ
168 1092 305 1185 φαύλῳ)
330 1095 485 1185 quidquid
507 1097 590 1160 forte
613 1098 755 1162 oblatum
778 1096 820 1162 sit
842 1094 895 1179 (ari
916 1089 1043 1177 τυχόν),
1072 1097 1202 1162 bonurn.
1230 1135 1265 1143 —-

106 1203 151 1268 Et
174 1211 347 1288 postquam
368 1198 458 1263 verbi
482 1199 587 1284 gratia
609 1199 725 1264 similia
748 1198 907 1286 quaedam
931 1198 972 1263 ad
995 1198 1137 1264 habitum
1162 1223 1270 1286 corpo-

107 1307 150 1372 ris
174 1312 206 1368 et
228 1324 341 1368 sensus
364 1302 543 1390 spectantia
566 1301 687 1367 attulit:
718 1301 802 1366 Eum
830 1302 975 1389 quidem,
1003 1302 1057 1388 qui
1084 1303 1269 1382 σπουδαῖος

107 1413 160 1493 sit,
177 1408 303 1496 singula
318 1416 415 1494 atque
432 1405 539 1470 omnia
553 1415 641 1470 recte
659 1403 841 1470 discernere
858 1403 996 1489 (ἕκαστα
1011 1401 1114 1493 κρίνει
1131 1399 1270 1494 ὀρθῶς),

108 1512 278 1593 nimirum,
303 1508 354 1574 cui
378 1531 505 1596 quaque
535 1507 567 1572 in
591 1529 626 1572 re
648 1508 681 1573 id
705 1510 791 1598 quod
814 1533 925 1576 verum
949 1511 990 1575 sit
1019 1504 1198 1598 (τάληθές)
1228 1510 1272 1575 vi·

110 1615 239 1681 deatur:
267 1636 343 1678 nam
366 1611 407 1676 ad
429 1635 528 1678 unum
558 1633 719 1700 quemque
749 1612 894 1679 habitum
918 1611 1016 1696 (ἕξιν)
1041 1637 1079 1679 ea
1102 1638 1184 1703 quae
1207 1614 1271 1679 sint

112 1717 244 1804 propria
272 1711 378 1800 (iiico)
390 1717 430 1798 ¹),
464 1724 497 1781 et
523 1714 636 1802 pulcra
658 1737 728 1780 esse
755 1725 788 1781 et
812 1716 969 1800 iucunda,
1001 1727 1033 1782 et
1054 1717 1115 1783 hoc
1141 1717 1271 1805 quidem

112 1819 182 1884 fieri
215 1819 366 1902 fortasse,
396 1827 432 1884 ut
461 1818 556 1885 homo
586 1819 707 1906 probus
735 1841 754 1882 a
785 1820 919 1886 caeteris
949 1822 1046 1908 longe
1081 1821 1269 1904 (πλεῖστον)

114 1921 239 1988 differat
269 1923 373 2010 iisque
406 1931 563 2008 praestet,
599 1920 685 2011 quod
712 1921 745 1986 in
773 1923 920 1988 omnibus
949 1932 981 1988 et
1009 1923 1143 2011 singulis
1174 1924 1271 1990 rebus

108 2046 221 2090 verum
244 2024 426 2113 perspiciat,
451 2024 571 2113 quippe
594 2047 729 2112 quarum
754 2026 846 2112 quasi
869 2049 982 2092 norma
1005 2027 1046 2091 sit
1068 2037 1100 2092 et
1121 2051 1272 2094 mensura

108 2124 233 2209 (κανῶν
256 2127 313 2193 καὶ
331 2124 478 2214 μέτρον).
504 2165 541 2174 -
566 2126 622 2194 Sic
645 2128 775 2193 Noster.
802 2165 839 2175 —
864 2128 1033 2194 Habemus
1054 2129 1161 2214 igitur,
1185 2153 1271 2196 men-

107 2252 219 2295 suram
240 2240 273 2294 et
294 2251 440 2294 normam
463 2231 555 2316 quasi
578 2253 647 2296 esse
669 2231 829 2297 hominem
845 2231 993 2318 probum.
1030 2231 1168 2326 Athaco
1183 2257 1270 2298 nunc

107 2331 278 2397 nobiscum
294 2341 491 2420 reputemus.
525 2331 698 2411 Quaeritur
712 2333 820 2398 initio:
843 2335 916 2414 πῶς
931 2328 1013 2422 ἀνὴρ
1024 2330 1155 2420 γίνεται
1170 2357 1270 2402 σπου-

108 2435 224 2519 δαῖος,·
247 2435 408 2524 quomodo
431 2436 481 2501 vir
503 2435 560 2500 fiat
582 2435 763 2522 probus?²)
798 2437 849 2504 Ad
874 2462 957 2526 quse
973 2439 1177 2504 Aristoteles:
1200 2463 1273 2528 pro-

109 2537 187 2604 bum
211 2537 282 2602 fieri
298 2538 459 2604 hominem
476 2539 614 2625 primum
629 2548 754 2623 natura,
778 2551 845 2607 tum
868 2564 957 2607 more
974 2565 1013 2606 ac
1030 2542 1271 2613 consuetudine,

114 2649 146 2708 et
166 2642 228 2706 hoc
249 2640 397 2728 quidem,
421 2650 456 2706 ut
478 2665 564 2706 nunc
588 2640 730 2724 videtur,
754 2667 792 2709 ea
814 2645 938 2710 ratione
961 2669 1025 2733 qua
1046 2667 1197 2710 mensura
1220 2645 1272 2709 ad-

111 2753 204 2830 paret
228 2765 298 2808 esse
328 2745 422 2809 homo
446 2743 566 2830 probus
594 2746 822 2830 (σπουδαῖος).
867 2747 998 2812 Dixerit
1025 2747 1111 2834 quis:
1144 2748 1271 2814 Probus

109 2845 209 2933 igitur
231 2846 446 2930 (σπουδαῖος)
474 2846 544 2912 fieri
573 2847 701 2914 videtur
727 2851 753 2915 is
784 2851 838 2938 qui
867 2849 1035 2938 probitatis
1063 2873 1212 2916 mensura
1235 2873 1272 2917 ac

110 2972 225 3016 norma
240 2950 394 3016 educatur
406 2949 458 3015 vel
469 2949 495 3014 is
513 2949 567 3037 qui
582 2949 619 3014 fit
633 2952 715 3030 talis,
731 2953 834 3040 qualis
850 2952 891 3016 sit
905 2953 1026 3040 probus
1043 2955 1271 3038 (σπουδαῖος).

110 3051 256 3132 -Quid
277 3052 381 3139 ergo?
403 3053 565 3118 circulone
587 3053 690 3118 adhue
705 3053 825 3120 versati
845 3053 1015 3121 videmur?
1036 3056 1166 3122 Minime
1184 3081 1271 3124 vero.

111 3155 237 3236 Quodsi
263 3155 364 3221 virtus
392 3155 537 3243 perfecta
569 3179 607 3224 eo
642 3157 877 3244 quodammodo
911 3156 1098 3240 revertitur,
1135 3159 1220 3224 unde
1253 3185 1272 3224 a

108 3258 268 3347 principio
290 3260 434 3346 profecta
453 3269 509 3342 est,
532 3270 751 3326 verumtamen
774 3260 855 3327 adeo
877 3261 1011 3326 multum
1033 3261 1168 3325 interest
1189 3260 1273 3326 inter

108 3361 247 3450 probum
282 3383 352 3426 esse
387 3352 491 3446 (sivos
523 3363 725 3446 σπουδαῖον)
760 3373 792 3429 et
824 3363 961 3451 probum
994 3362 1064 3426 fieri
1098 3357 1271 3448 (γίνεσθαι

109 3464 328 3548 σπουδαῖον),
358 3476 394 3529 ut
423 3467 483 3530 hoc
512 3466 552 3531 ab
581 3467 635 3531 illo
664 3477 731 3532 tam
761 3466 860 3552 longe
883 3464 979 3530 distet
1002 3485 1098 3551 quarn
1121 3467 1270 3532 materies

110 3566 200 3634 rudis
223 3591 242 3632 a
263 3569 368 3632 forma
389 3569 581 3655 perfecta⁸).
607 3607 642 3616 —
669 3568 762 3648 Quae
785 3591 857 3633 cum
880 3568 925 3632 ita
948 3566 1025 3647 sint,
1054 3567 1125 3660 quis
1148 3567 1272 3634 dubitet

110 3674 190 3758 quin
214 3670 254 3736 ad
278 3667 407 3752 γένεσιν
435 3669 562 3736 virtutis
592 3672 735 3754 moralis,
767 3673 798 3735 h.
823 3693 856 3734 e:
875 3668 915 3734 ad
938 3668 1180 3756 generationem
1202 3695 1273 3759 pro·

109 3774 220 3840 bitatis
241 3772 492 3860 honestatisque,
516 3774 618 3856 omnis
639 3798 690 3839 res
706 3774 759 3838 illa
782 3781 913 3860 spectet,
939 3795 1020 3859 quae
1042 3782 1077 3837 ut
1092 3775 1271 3841 accuratius

110 3900 199 3944 nuno
221 3886 450 3962 pertractetur,
480 3876 560 3941 hoce
583 3877 635 3941 vel
657 3877 795 3964 primum
819 3873 1051 3960 explorandum
1074 3883 1137 3957 est,
1166 3877 1269 3963 qualis

109 3980 153 4046 sit
174 3979 230 4044 ille
246 3978 430 4048 Aristotelis
452 3980 647 4060 σπουδαῖος,
670 3981 764 4047 toties
787 3979 820 4044 in
842 3979 903 4042 hoc
919 3998 1066 4043 sermone
1088 3990 1269 4068 usurpatus.

113 4144 315 4160 *nu-

187 4231 206 4296 ¹)
224 4231 262 4284 Of.
276 4233 341 4300 'l'op
354 4233 376 4298 Ι,
389 4233 414 4288 5.
434 4231 507 4291 102ιι
520 4233 555 4289 18
567 4250 623 4300 sqq.
643 4233 702 4287 coll.
716 4235 736 4296 Ι,
749 4230 774 4288 4.
794 4231 868 4288 101o
880 4231 915 4286 19
928 4249 983 4299 sqq.

187 4319 209 4388 ²)
227 4319 266 4372 ef.
280 4323 312 4384 ἐξ
325 4321 342 4376 9
355 4330 382 4376 et
393 4321 436 4380 20.

187 4409 206 4471 ³)
225 4407 264 4458 of.
277 4409 500 4480 'Prendelsnburg‚
519 4413 552 4466 H.
567 4412 646 4464 Beitr.
660 4411 695 4474 11,
708 4407 760 4464 385
773 4425 810 4474 sq.
