3154 5252
797 443 839 454 -
882 405 925 472 34
971 445 1009 456 -

328 587 377 646 est
400 577 568 665 disciplina
591 576 648 659 (ib.
668 577 772 643 1340t
788 579 846 662 29)
857 577 893 661 ¹).
929 577 995 645 Sed
1018 579 1102 645 bunc
1125 579 1165 645 ad
1189 579 1319 648 modum
1343 579 1481 647 discendi
1540 579 1541 614 l

326 681 480 770 puerilem
504 681 644 746 animum
666 680 842 764 intendere,
861 719 897 728 —
920 681 1071 768 quoniam
1094 682 1162 748 sine
1185 682 1297 749 labore
1320 694 1352 750 ct
1374 682 1479 748 dolore

327 786 398 850 fieri
420 807 484 850 non
500 784 610 871 possit,
631 821 665 830 —
684 807 784 870 usque
800 783 840 849 ad
856 783 1026 870 septimum
1043 785 1156 851 aetatis
1173 809 1291 852 annum
1307 786 1347 850 ab
1363 785 1481 850 Aristo·

268 945 276 960 .
325 892 389 957 tele
412 889 546 954 vetitum
569 887 732 952 habemus.
777 887 891 985 Itaque
914 887 1066 974 puerulos
1094 887 1333 977 disciplinarum
1356 887 1479 954 nonnisi

326 1002 524 1082 spectatores
557 987 725 1076 (θεωρούς
755 991 820 1054 τῶν
851 983 1052 1077 μαθήσεων)
1086 1014 1188 1079 usque
1223 1015 1260 1057 eo
1293 993 1383 1057 iubet
1414 1013 1479 1056 esse

327 1121 445 1178 carum,
470 1115 604 1181 quarum
627 1093 689 1180 ipsi
709 1103 821 1181 postea
837 1091 937 1156 adulti
953 1093 1125 1182 participes
1141 1094 1219 1159 fiant
1240 1095 1327 1178 (Pol.
1341 1093 1401 1177 IV,
1419 1095 1478 1174 17).

326 1203 371 1267 At
386 1221 493 1264 rursus
509 1219 573 1283 qua
587 1195 707 1261 maiore
727 1195 758 1259 vi
774 1195 869 1260 animi
892 1196 1031 1284 pueriles
1054 1220 1205 1263 sensuum
1229 1198 1321 1285 pulsu
1345 1219 1478 1262 commo·

324 1303 393 1368 veri
419 1300 567 1365 dicuntur
597 1322 634 1363 eo
662 1297 763 1384 magis
792 1297 1017 1363 educatoribus
1047 1323 1141 1365 curae
1163 1301 1196 1366 id
1220 1322 1289 1367 esse
1311 1297 1477 1388 oportebit,

305 1416 359 1472 ut
381 1401 539 1470 educandi
561 1402 720 1484 materies,
747 1438 783 1448 —
808 1399 834 1464 si
858 1400 902 1465 ita
926 1400 989 1466 dici
1010 1411 1130 1489 potest,
1157 1439 1193 1451 ——
1219 1402 1355 1468 erebus
1379 1402 1478 1488 perni-

325 1508 417 1574 ciosis
441 1516 473 1571 et
494 1505 602 1593 pravis
631 1527 727 1591 quam
746 1503 886 1568 maxime
904 1513 1061 1570 arceatur.
1082 1543 1117 1553 -
1137 1506 1260 1593 Turpia
1281 1514 1312 1570 et
1327 1503 1476 1569 indecora

322 1633 495 1701 puerorum
525 1607 633 1672 oculos
663 1617 694 1671 et
724 1629 817 1671 aures
852 1606 1016 1671 offendere
1044 1631 1107 1674 non
1136 1607 1255 1673 debent
1287 1607 1344 1690 (ib.
1372 1605 1475 1672 13361

207 1735 211 1754 ¹
323 1717 364 1780 33
380 1716 477 1801 sqq.).
524 1711 665 1798 Operam
694 1708 770 1773 dare
797 1731 929 1773 necesse
953 1719 1014 1792 est,
1044 1719 1080 1776 ut
1105 1711 1197 1799 pueri
1226 1733 1320 1800 quam
1349 1709 1475 1775 minime

321 1818 389 1883 fieri
412 1815 513 1904 possit
536 1836 608 1878 cum
632 1811 734 1876 servis
756 1820 941 1894 versentur,
970 1834 1012 1877 ne
1040 1813 1187 1879 intersint
1215 1813 1351 1901 publicis
1376 1810 1475 1877 convi-

323 1919 399 2001 viis,
426 1941 466 1983 ne
488 1938 580 1981 aures
603 1915 783 2002 praebeant
804 1913 918 1978 iambis
946 1916 1150 1982 mordacibus
1172 1940 1235 1983 neu
1261 1926 1410 2005 spectent
1431 1938 1474 1980 co·

322 2021 465 2087 moedias
487 2040 549 2083 neu
573 2017 711 2105 denique
736 2015 923 2097 intueantur
949 2017 1119 2084 simulacra
1144 2021 1332 2108 inpudentia
1358 2029 1414 2085 aut
1434 2029 1473 2083 ta·

320 2124 412 2188 bulas
435 2123 536 2208 pictas
560 2122 734 2186 obscaenas
750 2129 845 2206 atque
862 2120 1035 2202 deformcs3
1060 2121 1099 2186 de
1115 2123 1346 2188 nutricularum
1361 2121 1471 2187 fabulis

323 2224 481 2291 custodiet
495 2224 549 2288 lex
575 2224 660 2306 (Pol.
677 2223 697 2287 l.
712 2223 732 2286 l.
754 2223 864 2287 1336u
879 2224 991 2288 39-11
1010 2226 1051 2288 23
1080 2225 1151 2289 coll.
1169 2223 1210 2306 V,
1228 2227 1257 2288 b.
1282 2227 1392 2309 1340c
1406 2227 1467 2306 35).

321 2329 375 2396 Ad
398 2349 479 2415 quae
502 2326 684 2391 Aristotelis
712 2326 798 2390 haud
824 2325 970 2412 ignotum
998 2327 1076 2392 illud
1105 2328 1251 2393 conferre
1273 2328 1383 2393 licebit
1401 2347 1468 2416 poe-

320 2431 422 2512 tee²):
440 2423 521 2517 ‘quo
545 2430 643 2493 semel
667 2439 714 2493 est
736 2428 857 2492 imbuta
880 2451 992 2496 recens
1015 2431 1158 2496 servabit
1180 2430 1311 2496 odorem
1335 2470 1373 2478 —
1392 2439 1466 2495 teste

320 2526 393 2599 diu?
430 2532 538 2618 Atque
557 2530 653 2596 etiam
670 2530 876 2618 philosophus
893 2542 1003 2597 noster
1019 2555 1156 2620 poenam
1173 2534 1212 2598 ab
1232 2531 1465 2600 adversantibus

320 2635 388 2700 dari
411 2643 528 2715 censet,
551 2633 702 2719 quoniam
724 2633 895 2720 plurimum
920 2635 1026 2701 valeat
1042 2638 1182 2726 exempli
1198 2638 1246 2702 vis
1262 2628 1460 2702 ‹st-natm
1539 2639 1540 2660 ¹

318 2736 380 2826 γὰρ
402 2735 577 2824 στέργομεν
598 2733 640 2801 sol
663 2737 781 2824 πρῶτα
801 2736 982 2818 μᾶλλον-
1001 2740 1075 2827 quia
1093 2738 1370 2828 primainpressio,
1391 2757 1457 2801 cum

319 2841 359 2906 sit
381 2862 509 2927 semper
530 2839 809 2905 vehementissima
831 2841 889 2924 (ib.
908 2843 1013 2908 1336o
1029 2844 1070 2908 33
1091 2847 1167 2932 sq.),
1191 2844 1263 2910 talis
1285 2862 1404 2930 quoque
1424 2837 1463 2903 sit

319 2967 383 3031 qua
405 2944 493 3010 nulla
514 2966 565 3009 res
587 2944 688 3030 magis
711 2953 860 3030 penetret
883 2945 993 3011 molles
1016 2969 1187 3033 puerorum
1209 2948 1241 3013 in
1265 2947 1394 3012 animos.

405 3151 455 3215 19.
478 3149 540 3214 His
562 3150 657 3215 rebus
681 3149 850 3235 disputatis
871 3151 974 3239 prima
990 3152 1083 3218 buius
1100 3155 1375 3220 commentationis
1397 3175 1469 3242 pars

319 3253 360 3318 ad
382 3252 477 3318 finem
499 3253 655 3340 perducta
678 3263 733 3316 est.
761 3289 796 3300 -
821 3255 852 3318 A
874 3255 1031 3342 principio
1048 3255 1133 3321 enim
1150 3281 1245 3344 quam
1269 3258 1334 3322 vim
1357 3267 1469 3322 natura

317 3351 448 3444 (φύσις)
477 3357 596 3421 habeat
618 3356 657 3420 ad
682 3356 825 3421 homines
848 3357 930 3423 bene
954 3359 1136 3424 educandos
1165 3361 1320 3448 (primum
1351 3360 1471 3447 potissi·

317 3483 403 3525 mum
436 3459 548 3524 aetatis
588 3461 723 3546 spatium
758 3461 984 3547 respicientes)
1017 3462 1177 3529 illustrare
1212 3463 1318 3528 conati
1353 3485 1469 3528 sumus.

315 3565 430 3652 Itaque
452 3585 503 3628 res
527 3563 606 3628 adeo
629 3564 790 3648 pervenit,
820 3574 856 3630 ut
885 3565 981 3629 horno
1011 3588 1051 3629 ex
1081 3587 1119 3630 ea
1147 3589 1229 3654 quae
1260 3577 1308 3631 est
1337 3577 1470 3632 naturae

314 3667 503 3734 necessitate
526 3666 565 3731 ad
588 3665 686 3749 illam,
710 3678 744 3731 ut
765 3666 810 3731 ita
833 3666 948 3750 dicam,
973 3669 1108 3755 quaein
1124 3669 1266 3735 moribus
1281 3669 1366 3736 inest
1382 3670 1472 3735 liber·

315 3781 412 3837 tatem
436 3771 550 3836 dimitti
566 3770 668 3856 possit
690 3770 748 3850 (cf.
765 3769 833 3834 Pol.
850 3770 908 3854 IV,
927 3773 975 3836 13.
1002 3771 1108 3835 1332t
1126 3774 1143 3837 1
1161 3796 1207 3860 sq.
1236 3773 1309 3839 coll.
1336 3775 1415 3840 Etb.
1431 3773 1470 3840 N.

314 3873 395 3955 11‚1
420 3876 530 3956 extr.):
558 3869 652 3936 modo
675 3883 710 3935 ut
733 3893 770 3935 ea
796 3873 1017 3939 conservanda
1041 3874 1081 3940 sit
1104 3875 1245 3962 dignitas
1268 3878 1425 3961 humana,
1455 3897 1470 3939 a

208 4041 210 4046 ,
315 3997 378 4061 qua
400 3975 484 4041 haud
512 3973 654 4061 paullum
683 3973 803 4061 aliquid
828 3977 912 4042 ultra
938 3977 1023 4043 istud
1046 4001 1155 4065 posse,
1188 3981 1322 4063 sentire,
1351 4001 1470 4068 cupere

313 4100 371 4142 nos
381 4076 532 4165 progredi
545 4075 697 4142 debemus
707 4077 744 4159 ³).
769 4079 820 4144 De
835 4081 990 4147 memoria
1008 4092 1039 4148 et
1056 4082 1293 4148 reminiscentia
1305 4093 1468 4169 postremo

313 4241 512 4254 ——n-—u-

385 4327 403 4391 ¹)
422 4327 460 4378 ef.
475 4329 487 4390 s
504 4325 544 4381 16.

275 4404 284 4412 '
384 4413 404 4478 ²)
422 4414 513 4466 Horat.
527 4415 602 4483 epist.
615 4417 635 4484 1,
649 4415 673 4473 2.
693 4419 727 4476 69
740 4437 779 4489 sq.

384 4500 403 4566 ³)
422 4502 459 4552 cr.
473 4505 487 4567 s
502 4501 526 4556 a.
