3156 5246
780 411 1054 475 -78-’

301 603 446 647 somnum
478 577 614 664 (ὕπνος)
638 592 670 645 ot
693 583 890 668 vigilantiam
918 576 1155 670 (ἐγρήγορσις),
1185 584 1272 650 ‘inter
1293 585 1466 652 seientiam

299 677 515 770 (ἐπιστήμην)
539 695 571 748 et
593 684 895 768 contemplationem
913 681 1086 770 (θεωρία).
1102 723 1138 736 -
1153 687 1227 752 Non
1251 688 1334 754 enim
1357 698 1394 753 ut
1413 689 1464 752 vi-

297 811 368 854 sum
389 787 529 851 habeant
552 785 662 850 vident
683 786 831 853 animalia
858 782 1000 874 (οὐγὰρ
1022 786 1079 854 ἵνα
1101 781 1185 878 ὄψιν
1209 784 1326 870 ἔχωσιν
1353 785 1467 876 ὁρῶσι
1556 821 1557 840 2

298 890 339 956 τὰ
357 891 452 971 ζῶα),
476 890 532 954 aed
554 885 668 972 (dame
687 882 793 972 ὁρῶσι
814 881 897 978 ὄψιν
919 889 1065 973 ἔχουσιν)
1086 902 1123 957 nt
1144 893 1275 957 videant
1297 895 1365 956 risu
1389 893 1410 958 i.
1431 915 1464 958 e.

299 992 430 1057 videndi
462 991 614 1056 facultate
648 990 796 1077 praedita
823 1003 897 1056 sunt
930 993 1019 1075 (Met.
1041 993 1060 1056 l.
1082 994 1102 1057 l.
1133 995 1328 1076 auocato).
1373 993 1467 1072 Qua·

298 1107 430 1182 propter
452 1095 609 1158 actionem
634 1092 831 1180 (ἐνέργειαν)
861 1094 905 1159 ait
932 1095 971 1158 ab
1000 1097 1125 1180 agendo
1150 1097 1270 1161 dietum
1292 1119 1363 1162 esse
1386 1097 1467 1180 (καὶ

298 1194 458 1264 συντείνει
481 1195 566 1282 πρὸς
586 1196 646 1282 τήν
668 1195 896 1279 ἐντελέχειαν),
923 1220 1007 1283 quos
1030 1197 1204 1262 contendat
1226 1197 1267 1262 ad
1289 1200 1466 1284 perfectio-

208 1369 210 1374 ,
298 1323 370 1366 nem
394 1299 566 1382 (thaat).
592 1335 628 1346 -
653 1300 788 1364 Accedit
811 1299 896 1386 qnod
920 1299 983 1364 iam
1006 1299 1082 1364 alibi
1105 1300 1269 1365 laudatum
1291 1311 1340 1366 est
1362 1302 1464 1384 (Eeb.
1557 1289 1558 1302 ¹

299 1403 342 1485 X,
357 1404 377 1468 5
392 1404 467 1484 in.):
491 1395 604 1466 πᾶσάν
625 1424 661 1466 τε
684 1397 851 1490 ἐνέργειαν
871 1400 997 1466 τελειοῖ
1017 1395 1036 1488 ἡ
1060 1395 1165 1489 ἡδονή
1178 1403 1214 1483 ¹).
1249 1403 1462 1490 Voluptatem
1557 1409 1558 1458 l

299 1517 464 1592 tamquam
489 1515 602 1588 sponte
630 1495 783 1570 advenire
811 1527 943 1570 necasse
973 1527 1058 1587 esse,
1086 1526 1170 1592 quaa
1198 1505 1354 1572 actionem
1387 1529 1465 1592 per-

299 1609 396 1674 ficiat.
440 1606 472 1672 N
477 1630 515 1668 on
541 1605 625 1668 enim
649 1607 725 1672 satis
751 1620 813 1688 est,
842 1618 1028 1694 operantem
1057 1606 1227 1672 ostendere
1250 1631 1343 1694 posse
1366 1608 1464 1672 disci·

297 1711 419 1796 pulum.
464 1707 547 1772 Tum
576 1706 704 1774 deinum
732 1733 805 1774 eum
835 1709 958 1774 lubenti
988 1711 1092 1772 animo
1121 1730 1263 1796 veraque
1292 1711 1462 1796 voluptate
1558 1791 1559 1802 ¹

299 1821 491 1878 commotum
514 1810 676 1874 hominem
699 1809 891 1896 ἐνεργοῦντα
914 1811 1076 1890 videmus,
1099 1822 1131 1875 et
1152 1811 1279 1876 virtutis
1303 1820 1335 1875 at
1356 1813 1462 1876 scien·
1558 1803 1559 1822 ³

297 1915 360 1978 tiae
383 1911 487 1976 studio
510 1911 611 1997 magis
633 1915 804 2000 magisque
824 1914 1077 1980 incumbentem:
1105 1935 1186 2000 opus
1217 1914 1457 2000 quodammodo

246 2091 258 2108 ,
296 2015 475 2103 perlectum
497 2013 662 2078 habemus.
698 2013 942 2092 Quodammodo
967 2017 1051 2082 enim
1074 2015 1199 2080 initium
1223 2027 1255 2080 et
1276 2017 1348 2083 finis
1370 2018 1454 2081 inter

296 2139 331 2182 se
359 2126 585 2182 conectuntur:
620 2117 788 2182 dumtaxat
815 2119 963 2206 voluptas
990 2119 1124 2206 perfecti
1155 2119 1262 2204 operis
1290 2131 1322 2182 at
1351 2143 1390 2184 ea
1411 2119 1457 2182 in·

298 2220 444 2305 cipientis
468 2231 525 2284 est.
570 2219 622 2284 Ad
646 2219 796 2304 cupiendi
824 2221 1022 2307 voluptatem
1046 2221 1185 2307 primum
1207 2243 1247 2284 ex
1271 2221 1456 2286 Aristotelis

294 2323 453 2388 sententia
475 2323 582 2386 valere
615 2322 785 2407 oportebat
817 2323 1080 2388 exercitationem
1108 2345 1146 2386 ae
1179 2321 1392 2407 disciplinam,
1421 2333 1456 2386 et

296 2426 495 2510 voluptatem
522 2422 596 2511 (τὴν
623 2421 857 2508 ἐπιγενομένην
879 2416 1046 2512 ἡδονὴνῆ
1069 2418 1193 2508 λύπην)
1221 2422 1306 2486 vires
1334 2423 1456 2490 exerei.
1559 2425 1560 2448 ¹

296 2539 378 2594 tates
405 2527 548 2592 indicare
581 2529 731 2614 (σημεῖον
757 2529 824 2592 τῶν
850 2525 949 2605 ἕξεων
988 2527 1065 2592 Eth.
1087 2527 1130 2592 N.
1153 2525 1197 2607 Π,
1218 2525 1248 2590 2.
1283 2526 1388 2590 1104o
1402 2526 1451 2607 3).

296 2630 454 2698 Strenuus
476 2630 543 2710 ille,
575 2631 629 2716 qui
652 2631 734 2694 bene
762 2642 905 2695 moratus
934 2653 1005 2694 curn
1028 2651 1135 2694 amore
1157 2637 1189 2694 et
1211 2627 1373 2714 voluptate
1396 2627 1449 2690 bo-

294 2757 371 2798 num
395 2743 525 2816 exercet
546 2732 679 2818 verique
701 2731 888 2798 inveniundi
912 2731 1085 2820 cupiditate
1115 2730 1265 2796 incitatus
1286 2729 1440 2794 lubentem

294 2837 434 2901 animum
457 2833 497 2898 ad
517 2846 718 2920 optumarum
741 2857 848 2900 rerum
870 2835 1009 2900 studium
1031 2833 1183 2913 intendit,
1206 2831 1233 2896 ia
1257 2829 1344 2919 quasi
1364 2851 1444 2916 opus

282 2938 472 3022 'perfectum
495 2937 601 3023 opifici
624 2959 658 3002 se
680 2937 858 3024 praebet²).
876 2977 913 2988 -
938 2934 1062 3014 Quodsi
1085 2945 1191 3000 autem
1215 2933 1340 2998 virtutis
1360 2953 1450 3018 prae·

295 3041 359 3104 mio
388 3039 534 3104 coronari
564 3039 694 3120 dicitur,
721 3041 874 3106 virtutem
901 3041 955 3125 qui
985 3048 1176 3103 consecutus
1198 3048 1260 3100 est:
1296 3035 1450 3121 cuiusque

294 3141 399 3228 operis
425 3141 612 3226 perfectioni
635 3142 782 3226 voluptas
798 3141 923 3206 accedit
942 3149 974 3204 et
988 3140 1043 3204 illa
1059 3138 1187 3226 quidem
1203 3137 1334 3225 propria
1348 3141 1453 3202 cuius-

294 3269 357 3334 que
379 3243 513 3312 aotionis
542 3244 634 3330 eique
664 3256 879 3310 consentanea
906 3236 1026 3329 (ἡδονή
1050 3236 1158 3308 οἰκεία
1181 3288 1215 3306 ..
1239 3233 1258 3326 ἢ
1281 3238 1344 3325 γὰρ
1367 3238 1454 3306 κατὰ

291 3347 352 3436 τήν
366 3345 557 3431 ἐνέργειαν),
574 3347 712 3434 propria,
734 3348 876 3433 inquam,
894 3369 967 3412 eum
984 3368 1135 3410 sensuum
1150 3341 1366 3430 perceptionis
1381 3354 1453 3408 tum

294 3451 496 3536 cogitationis
527 3461 560 3514 et
586 3449 823 3534 intellegentiae
856 3447 929 3530 (καὶ
955 3442 1006 3534 ἐφ’
1037 3442 1163 3532 ἑκάστῳ
1196 3445 1236 3512 dd
1262 3447 1456 3531 θεωροῦντι

185 3542 188 3547 “
291 3547 382 3624 ταῦτ’
407 3547 448 3620 dv
469 3548 599 3640 φανείη,
619 3546 715 3638 ἑτέρα
736 3549 799 3638 γὰρ
813 3549 924 3617 ἵππου
944 3544 1049 3638 ἡδονή
1064 3548 1122 3616 καὶ
1135 3547 1231 3626 κυνὸς
1247 3546 1303 3612 καὶ
1316 3543 1456 3634 ἀνθρώ-

293 3660 392 3740 που),
424 3667 520 3743 atque
547 3656 710 3721 hominum
738 3678 778 3720 ex
801 3653 924 3720 intuma
947 3679 1004 3720 sua
1027 3653 1180 3740 cuiusque
1209 3651 1307 3718 animi
1327 3653 1454 3738 impetu

293 3763 376 3828 actio
401 3759 509 3826 enasci
531 3759 639 3824 debet.
685 3759 777 3840 (Eth.
797 3757 840 3820 N.
863 3755 907 3838 X,
926 3757 957 3820 ὁ.
984 3757 1093 3820 illua
1111 3762 1132 3818 4
1152 3756 1238 3842 sqq.)
1250 3755 1288 3836 ⁸).
1334 3755 1454 3842 Itaque

292 3864 399 3928 omnia
422 3885 459 3928 eo
483 3863 628 3942 tendunt,
650 3872 686 3933 ut
707 3885 805 3947 quam
828 3861 966 3926 maxime
990 3869 1021 3924 et
1042 3859 1148 3946 ipsum
1164 3880 1263 3945 agere
1285 3867 1319 3922 ct
1340 3857 1451 3941 ipsum

293 3964 435 4050 cogitare
458 3963 561 4029 discat
583 3965 688 4039 homo,
709 3963 795 4027 unde
818 3985 976 4028 summam
998 3962 1135 4048 denique
1158 3959 1285 4026 hauriat
1305 3961 1454 4046 volupta-

291 4079 366 4134 tem.
410 4069 454 4134 Et
475 4068 635 4157 profacto,
658 4065 746 4128 velut
767 4065 878 4131 Nostri
901 4087 942 4130 ex
965 4065 1070 4130 animo
1093 4063 1213 4128 dictum
1237 4060 1365 4126 videtur
1387 4063 1452 4128 hoc
1560 4087 1561 4092 ¹

294 4233 491 4247 —h—-u—

363 4321 382 4384 ν)
403 4320 441 4371 ef,
457 4317 524 4382 §22¹

363 4409 383 4472 ²)
404 4408 445 4459 Cf.
459 4409 475 4468 fi
488 4406 512 4458 1.

363 4495 383 4558 a)
401 4493 439 4543 cf.
452 4493 514 4542 Met.
528 4492 545 4542 l·
558 4492 575 4541 l.
595 4490 685 4546 1050ss
697 4493 732 4546 35
744 4510 800 4560 ⁸sl‘l·
