3154 5252
788 416 995 483 ..44-

319 589 410 678 quasi
432 589 577 676 vestigiis
601 597 773 677 sequentes
796 587 836 654 ad
853 588 921 654 eius
937 589 976 654 dc
992 588 1098 654 anima
1122 586 1276 670 (111‚10)
1299 583 1477 652 doctrinam

318 693 465 758 revocari
488 691 646 758 videmur.

403 902 454 967 24.
478 902 517 967 ld
538 925 601 991 quo
618 902 762 968 homiues
778 903 906 968 omnino
923 901 964 966 ad
979 899 1138 988 agendum
1156 906 1335 981 moventur,
1358 896 1479 964 bonum

319 1005 434 1071 dicitur
463 1028 546 1088 csse,
576 1006 627 1071 vel
658 1007 778 1094 potius,
804 1014 840 1070 ut
869 1006 954 1093 apud
983 1006 1138 1071 Nostrum
1168 1001 1257 1090 quasi
1286 999 1478 1089 corrigendo

319 1107 461 1190 additur,
490 1109 576 1197 quod
605 1108 751 1173 videatur
779 1106 900 1173 bonum
928 1105 982 1191 (τό
1006 1101 1140 1194 ἀγαθὸν
1167 1098 1189 1194 ἢ
1214 1103 1253 1171 τὸ
1275 1099 1480 1193 φαινόμενον

319 1205 481 1297 ἆγαθόν);
506 1235 578 1278 cum
601 1213 670 1294 hoc,
694 1210 814 1298 quippe
831 1211 917 1299 quod
933 1211 1016 1276 effici
1032 1211 1133 1298 possit
1156 1203 1334 1298 (πρακτόν)
1354 1205 1480 1273 lubenti

319 1315 424 1409 animo
446 1325 634 1404 perceptum
659 1308 754 1403 (ἡδύ)
778 1312 958 1401 adpetitum
981 1315 1111 1380 suscitet
1134 1337 1237 1401 eoque
1260 1313 1301 1377 ad
1317 1309 1480 1399 agendum

318 1418 452 1506 inpellat
474 1419 511 1501 (l.
532 1420 553 1483 l.
575 1418 667 1482 433u
682 1419 723 1482 28
744 1421 844 1505 sqq).
890 1417 1002 1483 Videri
1027 1418 1128 1498 enim,
1153 1418 1212 1498 ait,
1235 1414 1297 1480 duo
1321 1434 1392 1479 esse
1416 1435 1479 1477 mo-

318 1521 441 1601 ventia,
481 1530 536 1585 aut
567 1520 745 1608 adpetitum
779 1531 835 1586 aut
868 1521 1066 1586 intellectum
1101 1513 1138 1608 (ἢ
1178 1511 1287 1607 ι’)’ρεξις
1319 1509 1341 1606 ἢ
1370 1517 1480 1599 νοῦς);

318 1623 346 1686 si
370 1623 439 1710 quis
463 1623 733 1710 imaginationem,
758 1663 794 1672 -
824 1646 901 1710 ergo
926 1646 1095 1688 commuue
1117 1622 1238 1711 aliquid
1262 1620 1333 1706 (aul
1355 1616 1390 1688 ἐν
1412 1623 1481 1699 τοῖς

322 1718 438 1804 ἄλλοις
461 1721 560 1814 ζῴοις
584 1775 592 1792 .
611 1774 618 1789 .
643 1722 839 1815 φαντασία),
858 1766 894 1774 -
912 1737 948 1792 nt
963 1725 1217 1813 intellegentiam
1233 1726 1394 1813 quandem
1422 1716 1481 1808 (ὥς

320 1825 545 1915 acquiramur)
569 1841 773 1918 proponeret.
818 1830 865 1897 Ut
887 1852 980 1910 vero,
1005 1829 1125 1918 inquit,
1148 1851 1238 1894 mens
1262 1838 1295 1894 et
1318 1827 1479 1914 cogitatio,

322 1944 480 2020 quatenus
504 1932 632 2021 quidem
658 1934 697 1998 ad
721 1933 882 2019 agendum
909 1943 1057 2020 spectant
1085 1927 1236 2016 (διάνοια
1264 1927 1480 2021 πρακτική..

324 2037 479 2124 διαφέρει
495 2037 534 2104 δὲ
550 2039 610 2104 τοῦ
627 2037 836 2125 θεωρητικοῦ
852 2039 900 2126 τῷ
914 2034 1030 2119 τέλει),
1054 2037 1093 2102 ad
1111 2047 1290 2102 extremum
1314 2033 1370 2120 (τὸ
1388 2031 1479 2118 ἔσχα-

320 2143 392 2224 τον)
423 2143 454 2206 h.
480 2164 508 2206 e.
533 2142 573 2206 ad
595 2140 627 2205 id
652 2140 678 2205 si
708 2141 886 2228 respexeris
915 2141 1000 2206 uude
1028 2141 1165 2227 primum
1195 2139 1345 2206 movendi
1373 2139 1479 2228 pulsus

321 2244 430 2326 datur,
464 2267 528 2310 non
551 2252 684 2309 movent
708 2243 776 2308 sine
806 2243 949 2332 adpetitu
984 2235 1078 2327 (diaeo
1107 2237 1277 2330 ὀρέξεως),
1313 2244 1359 2308 sic
1386 2243 1477 2308 etiam

319 2347 506 2432 imaginatio
527 2347 563 2429 (l.
579 2347 600 2410 l.
618 2347 681 2429 III,
700 2348 739 2412 10
753 2347 813 2429 in.)
835 2350 859 2430 ).
876 2387 916 2396 —-
933 2348 1029 2414 Hanc
1045 2347 1183 2436 quidem,
1206 2347 1323 2434 pergit,
1341 2385 1377 2396 —
1396 2369 1476 2434 φαν-

320 2446 440 2517 τασίαν
463 2461 560 2540 atque
584 2441 691 2538 ἶν’ρεξιν
712 2488 747 2498 ·-
765 2474 859 2538 posse
882 2461 937 2516 aut
959 2463 1079 2516 rectam
1104 2473 1174 2516 esse
1198 2460 1333 2516 autnon
1349 2461 1474 2530 rectam,

192 2601 196 2616 .
321 2577 395 2621 cum
419 2554 602 2620 intellectus
627 2553 682 2618 ille
708 2555 811 2620 omnis
838 2556 878 2620 sit
911 2577 1036 2640 semper
1066 2566 1173 2620 rectus
1204 2554 1240 2637 (l.
1263 2553 1284 2618 l.
1309 2553 1404 2616 rae-a
1422 2549 1475 2614 25:

321 2659 399 2737 νοῦς
425 2659 494 2736 νιᾶς
521 2651 642 2744 ὀρθός)
652 2656 690 2739 ⁹).
720 2693 758 2704 -
792 2656 886 2736 Quod
914 2657 1008 2722 facile
1039 2657 1173 2745 adparet
1199 2655 1260 2721 nisi
1290 2679 1308 2720 a
1334 2651 1471 2718 sensibus

322 2761 450 2826 omnino
473 2759 631 2849 proficisci
648 2784 711 2825 non
727 2783 832 2849 posse.
850 2761 1021 2847 -Itaque
1037 2798 1073 2807 —
1088 2760 1278 2825 Aristoteles
1293 2754 1416 2842 colligit,
1431 2790 1465 2800 —

322 2862 477 2948 adpetitui
499 2865 551 2929 vel
573 2863 679 2953 potius
703 2861 874 2950 adpetendi
904 2864 1048 2929 facultati
1075 2858 1232 2947 (δύναμις
1254 2857 1274 2951 ἦ
1296 2854 1474 2943 καλουμένη

322 2958 446 3054 ὄρεξις)
468 2967 501 3031 id
524 2959 588 3032 nou
611 2969 712 3032 solum
737 2989 806 3032 esse
829 2989 891 3054 quo
914 2976 1042 3032 moveat
1064 2967 1310 3033 instrumentum
1336 2952 1377 3052 (ql
1397 2964 1478 3028 κινεῖ

323 3063 482 3157 ὀργάνῳ),
517 3070 596 3136 illud
630 3069 714 3159 quod
751 3068 791 3134 ad
825 3093 940 3156 corpus
978 3070 1118 3157 pertinet
1152 3061 1389 3152 (σωματικόν),
1422 3064 1478 3130 sed

323 3175 417 3240 etiam
441 3195 508 3238 rem
532 3172 699 3261 cupiditati
722 3173 775 3237 vel
797 3172 954 3261 adpetitui
971 3174 1149 3240 subiectam
1173 3171 1226 3259 (cd
1244 3165 1393 3259 ὀρεκτόν)
1417 3192 1481 3259 qua

323 3301 364 3343 ex
387 3299 422 3341 re
445 3275 593 3342 movendi
621 3276 814 3364 principium
845 3275 983 3341 ducatur
1013 3272 1109 3367 (ἀρχή
1139 3279 1196 3364 τῆς
1226 3270 1417 3363 κινήσεως),
1452 3281 1482 3336 et

321 3383 493 3447 honorem
516 3381 635 3446 bonum
662 3380 741 3445 illud
769 3378 820 3444 vel
851 3400 921 3444 esse
949 3381 1002 3445 vel
1029 3405 1098 3446 esse
1128 3382 1214 3470 quod
1241 3381 1391 3446 videatur
1424 3375 1480 3459 (ib.

323 3484 511 3566 ura-29)
535 3507 590 3548 seu
620 3484 670 3566 (ut
697 3485 758 3549 alio
786 3481 923 3548 traditur
945 3483 1031 3567 loco)
1064 3507 1133 3568 esse
1160 3483 1194 3548 id
1222 3483 1308 3571 quod
1336 3480 1481 3570 pulcrum

324 3611 392 3654 esse
416 3587 562 3652 videatur
586 3585 639 3671 (νό
664 3581 868 3675 φαινόμενον
891 3581 1007 3671 καλόν)
1036 3589 1087 3652 νε]
1114 3587 1146 3652 id
1176 3585 1263 3674 quod
1285 3609 1321 3652 re
1344 3606 1423 3650 vera
1445 3582 1483 3647 sit

322 3690 469 3779 pulcrum
496 3687 550 3773 (ιὸ
573 3685 612 3758 ’δν
633 3686 735 3758 καλόν
764 3691 805 3755 cf.
828 3690 906 3755 Met.
931 3689 1010 3773 XII,
1035 3693 1052 3756 7
1073 3691 1145 3774 in).
1177 3729 1213 3738 -
1245 3691 1337 3756 Licet
1359 3711 1401 3753 ex
1424 3687 1483 3752 hoc

322 3795 393 3858 loco
416 3793 479 3858 iam
503 3794 611 3860 divina
635 3794 793 3882 quaedam
821 3792 861 3857 ad
885 3793 1025 3858 humana
1051 3796 1243 3859 referamus:
1272 3792 1419 3879 profecto
1443 3788 1484 3854 di·

323 3896 432 3962 vinum
457 3897 619 3986 quoddam
641 3897 844 3982 habebimus,
874 3895 929 3978 ubi
950 3895 1087 3983 primum
1111 3897 1143 3964 id
1168 3897 1253 3986 quod
1276 3917 1352 3960 vere
1374 3895 1484 3960 huma·

325 4025 402 4067 num
425 4010 474 4066 est
498 4003 610 4084 elucet,
633 3999 688 4065 ubi
711 3999 841 4088 quidem
855 4000 909 4066 illa
926 3999 1086 4086 cogitandi
1103 4009 1135 4064 et
1150 3997 1358 4086 intellegendi
1380 3999 1430 4064 vis
1453 3997 1484 4063 in

325 4105 531 4192 cupiditatem
554 4110 712 4191 penetrat,
737 4127 800 4192 qua
824 4125 864 4169 ex
886 4101 1068 4170 Aristotelis
1094 4101 1252 4168 sententia
1273 4103 1343 4169 fieri
1365 4110 1482 4190 potest,

398 4360 416 4424 ¹)
436 4357 648 4422 uf.a.1.1‚433u
661 4357 756 4414 9—25.
774 4357 998 4426 Trcndclenburg,
1012 4375 1103 4412 comm.
1117 4376 1142 4426 p.
1155 4357 1206 4413 531
1219 4359 1279 4412 coll.
1292 4358 1372 4426 Phys.
1387 4355 1483 4421 vura

325 4455 390 4500 extr.
409 4473 444 4486 ·-

397 4536 417 4601 ¹)
436 4536 466 4586 1..
480 4536 497 4587 l.
512 4534 663 4600 aaa-arc
678 4534 789 4590 115-10
806 4535 864 4588 coll.
878 4537 939 4591 Eth.
952 4535 997 4599 VI,
1011 4535 1045 4589 10
1057 4542 1083 4587 ct
1096 4534 1136 4588 12.
