3154 5252
523 1845 867 1916 ARGUMENTUM.

200 2021 345 2087 Exordio
367 2025 400 2105 (ξ
419 2022 538 2106 1-10)
560 2020 700 2108 primum
722 2019 895 2085 Aristotele
922 2029 1053 2086 auctore
1076 2045 1139 2109 quo
1162 2024 1274 2090 tendat

112 2131 145 2188 ct
161 2122 239 2212 quid
254 2123 314 2188 sibi
329 2125 408 2191 velit
422 2125 586 2190 hominum
602 2123 749 2188 educatio
765 2121 965 2210 proponitur.
989 2122 1076 2187 Hinc
1091 2145 1133 2190 ex
1148 2149 1272 2193 summo

112 2227 184 2292 finis
199 2227 358 2314 propositi
373 2226 530 2314 principio
546 2227 607 2292 tria
623 2225 802 2292 accuratius
819 2234 911 2290 erant
925 2224 1159 2292 consideranda
1176 2230 1272 2294 haec:

115 2337 228 2394 natura
251 2329 389 2394 hominis
413 2339 446 2394 et
467 2353 507 2394 ea
529 2351 611 2416 quae
632 2329 718 2394 inter
739 2329 823 2393 hanc
842 2326 976 2392 atillam
999 2330 1176 2394 communis
1200 2331 1274 2396 civi·

113 2431 187 2495 tatis
208 2430 388 2497 intercedat
409 2432 490 2496 ratio
512 2432 640 2518 (2-4);
664 2430 767 2517 qualis
790 2429 845 2512 sit,
869 2427 1019 2516 quoniam
1042 2429 1272 2499 beatitudinem

116 2531 282 2620 adpetant,
318 2535 517 2622 singulorum
548 2542 645 2620 atque
679 2532 820 2598 omnium
848 2529 1017 2596 destinatio
1046 2531 1175 2619 (5-7);
1209 2559 1273 2622 qua

113 2635 252 2722 denique
275 2637 328 2702 via
348 2639 462 2703 harum
487 2657 597 2702 rerum
624 2644 756 2722 optuma
782 2632 1006 2700 convenientia
1033 2635 1146 2721 perfici
1172 2640 1274 2726 possit

112 2734 262 2826 (8-10).
299 2739 372 2804 Hoc
388 2776 430 2786 -
445 2740 518 2816 πῶς
541 2733 623 2826 ἀνὴρ
645 2733 773 2824 γίνεται
794 2735 1037 2813 σπουδαῖος-
1052 2761 1124 2804 cum
1148 2751 1271 2827 natura,

111 2862 212 2922 more,
236 2841 381 2907 doctrina
402 2841 472 2907 fieri
494 2841 652 2924 videatur,
676 2841 726 2907 cui
749 2837 966 2903 distributioni
988 2840 1122 2908 totidem
1138 2865 1272 2911 numero

112 2965 150 3007 ac
173 2945 283 3030 specie
304 2946 438 3010 virtutes
463 2942 677 3032 respondent,
698 2963 910 3028 rerumquae
933 2952 1111 3028 sequuntur
1132 2954 1197 3011 tres
1220 2927 1273 3014 ha-

113 3045 230 3112 bemus
252 3056 370 3135 partes.

195 3149 306 3215 Prima
320 3173 395 3238 pars
413 3143 610 3215 ‘naturalem‘
634 3167 711 3236 prae
728 3167 763 3210 se
779 3146 842 3210 fert
857 3143 1079 3212 educationem
1101 3148 1271 3233 (ll-19),

116 3252 204 3336 cujus
219 3253 412 3342 principium
429 3246 596 3318 ‘materies’
621 3248 806 3337 agnoscitur
821 3248 986 3332 (11—14).
1024 3249 1135 3314 Virtus
1152 3250 1191 3314 de
1208 3275 1272 3337 qua

114 3354 180 3418 hac
199 3357 319 3422 ratione
342 3357 449 3442 agitur
471 3380 508 3422 eo
532 3365 581 3430 cst
602 3353 706 3439 magis
722 3350 922 3432 universalis,
946 3375 1009 3438 quo
1032 3351 1135 3436 magis
1157 3353 1272 3418 attinet

110 3455 154 3520 ad
178 3459 318 3544 corporis
341 3459 475 3550 salutem
499 3481 559 3524 nec
581 3458 642 3523 nisi
663 3457 808 3544 potentia
829 3458 972 3523 continet
996 3474 1105 3518 varam
1127 3453 1273 3520 honesta·

107 3570 186 3624 tem.
218 3560 305 3626 Hinc
327 3561 455 3648 singula
477 3560 665 3628 exoriuntur
687 3584 771 3647 quae
794 3565 942 3647 spectant
965 3555 1006 3620 ad
1028 3555 1270 3643 nutrimentum,

108 3661 346 3729 incrementum
368 3666 576 3752 corporisque
606 3662 779 3728 motionem
801 3659 887 3744 (15),
914 3659 953 3724 ad
980 3658 1090 3724 ludum
1113 3661 1271 3747 puerilem

106 3764 198 3849 (16),
226 3764 267 3830 ad
290 3789 441 3832 sensuum
463 3767 703 3853 perceptionem
725 3761 936 3847 imitandique
959 3760 1169 3848 cupiditatem
1192 3765 1271 3848 (17).

107 3865 163 3930 Ad
187 3889 268 3953 quas
290 3891 343 3933 res
367 3891 439 3932 eum
467 3869 621 3934 memoria
649 3867 782 3950 accedat
810 3863 1101 3950 reminiscendique
1123 3865 1172 3930 vis
1194 3867 1272 3949 (18),

109 3969 325 4034 consideratio
348 3969 393 4033 ita
409 3970 622 4056 progreditur,
644 3981 680 4035 ut
695 3967 846 4032 transitus
862 4003 899 4013 -—
917 3976 1072 4054 tauquam
1095 3971 1272 4056 apoteutia

108 4071 150 4134 ad
174 4080 282 4136 actum
306 4071 374 4157 (19)
398 4071 493 4136 ——in
516 4073 648 4138 alteram
671 4071 728 4134 fiat
750 4078 884 4156 partem.

198 4173 273 4252 Qua
303 4174 432 4260 quidem
459 4175 492 4238 in
523 4175 623 4240 altera
651 4180 743 4260 parte
771 4172 927 4260 (20-32)
963 4173 1159 4241 educationis
1189 4199 1271 4265 quae

104 4276 243 4362 propria
259 4276 352 4340 verbi
368 4276 529 4342 sententia
544 4275 660 4342 dicitur
670 4266 821 4338 ‘morulis'
839 4274 1030 4364 principium
1047 4277 1163 4364 agitur,
1185 4278 1272 4366 quod

103 4383 217 4462 [ormo
240 4377 420 4445 continetur
443 4379 604 4462 (20-21t
638 4377 757 4442 Forma
772 4385 844 4442 actu
867 4375 913 4442 fit.
949 4378 1002 4444 Ad
1018 4381 1178 4464 agendum
1194 4401 1271 4445 vero

105 4503 151 4545 ex
176 4479 299 4546 intuma
313 4481 477 4548 'hominum
501 4489 615 4546 natura
637 4477 818 4565 gravissimi
838 4481 991 4548 momenti
1008 4504 1045 4546 ac
1059 4482 1208 4568 ponderis
1224 4493 1273 4549 est

1034 4585 1049 4646 1
1057 4583 1074 4621 ti*
