3156 5246
785 405 995 471 ..64-

315 573 456 640 definitio
466 582 523 656 est,
537 583 570 641 et
578 575 741 642 hoounius
753 577 907 666 cuiusque
916 577 962 642 rei
974 577 1090 646 dicitur
1102 579 1289 648 substantie.
1313 580 1475 664 lb.1v,2.

318 679 427 744 1004o
446 677 501 742 16:
530 677 588 744 καὶ
607 673 694 746 τοῦτ’
718 675 790 747 ἐστὶ
811 680 890 770 περὶ
911 668 958 746 οἷν
978 684 1039 748 τοῦ
1061 677 1255 770 φιλοσόφον
1281 681 1476 776 ἐπισκέψα-

313 787 403 849 σθαι
416 776 575 870 τάληθές.
603 785 708 870 Atque
726 784 805 850 heeo
821 795 895 852 suut
910 786 950 852 de
966 787 1081 873 quibus
1097 786 1280 875 philosophi
1296 798 1345 854 est
1360 810 1475 854 verum

312 887 509 973 investigere
521 888 555 969 ¹).
583 926 624 934 —
652 885 794 974 Quippe,
827 887 913 974 quod
943 899 992 954 est
1017 889 1255 977 intellegentiae
1281 901 1413 958 nostrae
1444 902 1476 958 et

314 991 412 1060 enimi
433 990 612 1056 intellectus
636 1029 673 1037 -
697 992 757 1078 τῆς
777 992 886 1082 ψυχῆς
907 994 979 1072 νοῦ,
1003 1031 1044 1039 -
1073 992 1158 1080 λέγω
1186 994 1225 1061 ds
1246 995 1325 1062 νοῦν
1346 981 1374 1084 ᾧ
1396 995 1474 1062 διο-

313 1101 441 1164 νοοῖτοιι
461 1093 519 1160 καὶ
537 1087 772 1179 ὑπολαμβάνοι
792 1087 813 1182 ἦ
837 1089 928 1184 ψυχή
959 1094 1015 1178 (de
1035 1119 1087 1162 en.
1108 1096 1128 1160 l.
1151 1096 1173 1162 l.
1200 1098 1293 1164 429a
1307 1099 1377 1182 23).
1426 1100 1475 1166 In·

313 1199 475 1264 tellectum
498 1196 569 1262 dico
592 1219 655 1284 quo
678 1199 890 1264 ratiocinetur
911 1207 944 1264 et
959 1199 1099 1264 adsumit
1120 1200 1235 1266 anime.
1258 1239 1296 1250 -
1326 1201 1473 1280 Quorum

313 1302 390 1369 illud
410 1302 588 1386 (διονοοῖν)
611 1299 652 1364 ed
674 1299 741 1367 veri
759 1300 946 1366 inveniundi
964 1302 1049 1368 viem
1065 1312 1199 1387 spectet,
1220 1326 1284 1389 quu
1300 1303 1474 1392 inquiritur

313 1429 351 1473 uo
365 1405 583 1493 perpenditur,
606 1405 667 1470 hoo
683 1397 967 1488 (ὑπολαμβάνειν)
984 1405 1024 1470 ud
1040 1405 1163 1471 inventi
1183 1406 1426 1494 perceptionem
1442 1415 1472 1470 et

313 1508 618 1596 conprehensionem
641 1531 705 1596 quo
728 1507 921 1574 diiudicetur
943 1517 976 1574 et
992 1508 1218 1596 conprobetur.
1239 1551 1274 1560 -
1293 1507 1388 1590 Quae
1403 1508 1473 1576 Ari·

312 1611 434 1678 stotelis
456 1612 519 1679 hue
541 1611 644 1694 attuli,
668 1611 754 1676 eliud
776 1611 838 1676 elio
854 1611 938 1678 inter
958 1635 993 1678 se
1009 1621 1042 1678 et
1056 1612 1240 1680 confirmari
1262 1620 1295 1679 et
1317 1611 1472 1700 explicari
1545 1675 1546 1692 ,

312 1715 472 1783 videntur.
495 1751 536 1762 ·-
558 1711 720 1780 Scientiue
743 1716 907 1802 proprium
931 1725 980 1780 est
1001 1737 1110 1782 rerum
1131 1739 1243 1782 ouuses
1267 1735 1472 1802 cognoscere.
1545 1701 1546 1724 ¹

311 1820 396 1886 Nem
420 1817 575 1905 quidquid
598 1816 680 1884 scire
703 1815 792 1900 velis,
814 1816 847 1883 id
861 1839 994 1884 neeesse
1015 1827 1065 1886 est
1080 1817 1212 1884 definire
1228 1811 1387 1906 (ὁρίζειν)
1409 1842 1469 1886 nou

312 1921 447 1988 nescies.
485 1919 578 2000 Quod
603 1920 673 1985 fieri
695 1943 760 1986 non
783 1930 898 2008 potest,
921 1921 983 1987 nisi
1003 1922 1036 1986 id
1058 1919 1144 1988 unde
1159 1943 1212 1986 res
1227 1921 1268 1987 sit
1281 1921 1468 2009 respexeris,

312 2025 360 2090 rei
383 2047 521 2107 oensem,
545 2023 597 2088 vel
612 2023 645 2089 id
660 2024 747 2111 quod
769 2033 883 2090 nature
907 2045 978 2090 esse
1000 2024 1088 2110 prius
1111 2023 1235 2090 dicitur.
1273 2023 1384 2104 Quare
1407 2024 1464 2090 Ari·

312 2129 442 2195 stotelss
465 2128 564 2216 (Top.
580 2127 607 2209 I,
623 2127 658 2209 8)
683 2127 899 2192 definitionem
922 2149 981 2214 per
995 2149 1098 2214 genus
1122 2125 1154 2193 e't
1169 2126 1383 2193 differentiam
1407 2124 1466 2192 fien'

312 2232 401 2298 iubet
428 2227 563 2320 (ἐπειδὴ
588 2223 606 2298 ὃ
630 2225 769 2314 ὁρισμὸς
790 2228 825 2296 ἐκ
847 2229 961 2316 γένους
989 2229 1047 2298 καὶ
1071 2224 1250 2318 διαφόρων
1270 2224 1389 2314 ἐστίν),
1413 2231 1466 2294 hoo

310 2346 473 2423 tamquam
496 2334 687 2416 universale,
711 2332 790 2398 illud
811 2343 978 2421 tamquam
993 2335 1156 2422 singulare
1177 2332 1308 2420 aliquid,
1332 2334 1379 2398 rei
1403 2354 1466 2422 pro

310 2439 425 2526 prium.
470 2438 690 2527 [Aoeurntius,
714 2447 749 2502 ut
772 2437 849 2516 scis,
878 2457 937 2524 per
958 2462 1060 2526 genus
1083 2439 1266 2525 proximum
1289 2434 1350 2525 (μή
1372 2430 1465 2522 ὑπερ·

309 2538 439 2627 βαίνειν
459 2539 501 2608 cot
523 2539 614 2628 γένη)
639 2551 670 2604 et
687 2532 917 2606 ‘differentium
939 2533 1135 2628 specifioem’
1160 2538 1350 2627 (διαφορὰν
1378 2535 1460 2606 sido-

311 2639 427 2727 ποιόν)
451 2643 593 2710 definitio
619 2642 688 2708 fieri
713 2641 839 2707 dicitur,
879 2643 927 2708 Ib.
952 2643 1045 2724 VI,5
1066 2641 1125 2732 sq.]
1154 2681 1196 2692 -
1225 2642 1319 2723 Quos
1340 2643 1456 2731 quidem
1544 2647 1545 2656 ³

312 2771 384 2812 curn
410 2770 474 2812 une
500 2737 601 2814 simul
623 2746 816 2810 convenient
842 2768 940 2812 oeuse
967 2747 1120 2812 exoritur.
1169 2747 1214 2812 Et
1241 2747 1302 2812 hac
1329 2743 1452 2828 deniqne

311 2850 434 2916 ratione
457 2849 497 2914 ud
521 2870 686 2936 supremus
709 2871 833 2930 causas,
852 2887 889 2896 —
907 2849 947 2914 od
971 2871 1009 2913 ee
1032 2848 1148 2937 quibus
1165 2850 1253 2916 nullu
1267 2858 1341 2916 sunt
1358 2844 1455 2934 priore

313 2991 350 3002 -
374 2953 631 3040 perveniundum
653 2960 711 3015 est.
755 2951 836 3033 (An.
853 2960 936 3038 post.
953 2952 979 3034 I,
995 2955 1025 3016 9.
1043 2951 1111 3017 uta
1128 2953 1181 3018 19:
1203 2951 1239 3019 ἐκ
1261 2954 1326 3018 τ’ὤν
1348 2941 1459 3035 προτέ-

311 3079 377 3144 ρων
403 3053 465 3144 γὰρ
488 3044 592 3134 οἶδεν,
620 3047 700 3119 ὅταν
720 3049 756 3119 ἐκ
776 3051 822 3140 μὴ
846 3049 1005 3121 αἰνιαοῶν
1027 3049 1102 3145 εἰδῇ
1124 3051 1267 3138 αἰτίων.)
1312 3047 1461 3138 Simplici·

312 3171 362 3226 ter
385 3159 469 3224 enim
493 3181 534 3224 ox
557 3154 716 3244 prioribus
740 3156 815 3239 scit,
843 3161 898 3244 qui
920 3179 961 3224 ex
980 3159 1019 3224 iis
1047 3158 1215 3246 cognovit,
1245 3157 1361 3246 quibus
1383 3151 1464 3222 nullu

311 3262 419 3351 priora
441 3259 560 3344 eunt').
586 3297 622 3307 —
648 3259 687 3324 Id
710 3259 817 3346 igitur,
839 3260 927 3348 quod
948 3262 1136 3328 Aristoteles
1159 3261 1293 3328 seientia
1308 3259 1401 3325 nobis
1415 3277 1463 3322 no·

310 3367 470 3454 tionisque
493 3364 675 3451 cognitione
691 3363 944 3448 intellegendum
959 3386 1030 3432 esse
1046 3366 1179 3454 profert,
1199 3363 1274 3429 inde
1289 3373 1339 3426 est
1353 3371 1464 3426 nature

310 3477 343 3535 et
364 3492 399 3534 re
421 3491 498 3533 veru
520 3468 657 3556 primum
682 3468 831 3556 (πρῶτον
849 3468 891 3555 τῇ
906 3462 1024 3555 φύσει)
1048 3468 1141 3555 eique
1164 3465 1358 3555 oppositum,
1382 3457 1463 3552 quod

310 3572 402 3638 nobis
425 3565 518 3658 (ἡμῖν
541 3595 564 3636 s.
588 3569 674 3660 πρὸς
693 3564 807 3658 ἡμᾶς),
830 3570 1022 3655 hominibus,
1045 3571 1229 3658 proximum
1251 3567 1377 3632 videtur
1400 3584 1465 3631 csse
1542 3569 1543 3584 ¹

310 3687 342 3740 ct
364 3675 502 3764 primum
531 3672 572 3738 ed
595 3674 743 3739 sensilem
771 3673 1013 3761 perocptionem
1044 3676 1122 3757 (An.
1144 3697 1198 3761 po.
1221 3673 1248 3755 I,
1271 3673 1301 3738 2.
1325 3671 1391 3735 7112
1412 3667 1464 3735 33:

312 3772 434 3868 οὐγὰρ
456 3771 579 3846 ταύτὸν
601 3771 763 3865 πρότερον
784 3778 826 3865 τῇ
848 3770 950 3864 φύσει
971 3775 1028 3843 καὶ
1049 3776 1135 3866 πρὸς
1160 3769 1250 3864 ἡμᾶς
1276 3768 1463 3863 πρότερον).

313 3880 405 3960 Quae
428 3881 567 3969 denique
587 3881 671 3946 inter
699 3902 734 3946 se
760 3881 908 3968 opposita
938 3879 990 3945 vel
1019 3889 1164 3949 extreme
1192 3873 1362 3962 (ἐοχαοα),
1391 3889 1464 3943 tem-

311 3985 568 4072 quamprimum
595 3983 716 4072 aliquid
746 3994 778 4047 et
804 3983 951 4048 ultimum
979 3983 1171 4070 cognitionis
1200 4007 1272 4048 curn
1299 3983 1331 4048 in
1359 4001 1463 4047 rerum

311 4096 445 4153 neturee
478 4088 700 4168 universitate,
734 4095 802 4152 tum
834 4086 974 4153 maxime
1007 4110 1066 4174 pro
1099 4097 1217 4154 nutura
1249 4087 1390 4154 humens
1423 4079 1461 4145 ad

312 4293 508 4306 *Ἀ

385 4425 402 4490 ¹)
421 4425 460 4477 cf.
473 4423 696 4494 Trendelsnburg,
709 4427 790 4478 Arist.
803 4424 836 4476 de
847 4441 889 4478 un.
903 4441 927 4495 p.
940 4425 1000 4484 469.

384 4513 406 4578 ’)
424 4511 646 4581 Trendelenburg,
658 4513 699 4568 ul.
712 4516 765 4583 log-
780 4514 850 4578 568.
