3154 5252
774 413 978 476 ,15-

300 581 434 668 (coacti)
467 578 662 672 sequuntur.’
709 584 849 650 Paterno
885 582 1012 671 quidem
1046 585 1077 650 in
1112 583 1215 665 iussu,
1242 621 1277 630 -
1307 591 1342 648 ut
1369 582 1462 661 addrt

297 689 431 770 Noster,
464 725 500 734 -
530 710 594 752 non
617 686 721 752 inesse
742 686 830 751 illam
853 695 976 752 tantam
997 687 1062 751 vim
1085 708 1191 773 neque
1213 685 1300 750 illam
1322 685 1460 750 necessi.

297 799 396 856 tatem
419 812 527 877 neque
549 790 677 854 omnino
699 790 731 854 in
755 789 849 854 unius
871 789 930 854 viri
952 789 1050 872 iussu,
1074 787 1134 854 nisi
1157 789 1241 854 forte
1259 810 1318 852 rex
1341 787 1456 852 situel

296 892 372 957 talis
396 892 527 979 quidam
548 891 713 980 superiore
735 891 807 955 loco
833 890 960 956 sedens.
1004 893 1044 957 In
1071 892 1197 977 legibus
1219 900 1326 956 autem
1350 890 1457 954 valere

297 994 383 1061 illam
412 1003 582 1080 cogentem
609 1001 817 1080 potestatem,
846 1017 918 1058 cum
947 994 1029 1059 ratio
1057 994 1099 1059 sit
1127 994 1180 1058 lex
1208 987 1323 1080 (λόγος
1345 984 1406 1075 div)
1438 1014 1457 1056 e

298 1097 468 1184 prudentia
491 1096 628 1184 quadam
651 1105 683 1162 et
704 1106 812 1161 mente
835 1106 956 1161 exorta.
997 1097 1115 1182 Neque
1138 1099 1190 1179 (ut
1212 1096 1275 1161 alia
1296 1096 1456 1177 omittam)

297 1201 331 1264 in
348 1200 422 1266 odio
437 1222 509 1265 esse
522 1199 640 1286 legem,
657 1222 729 1263 cum
743 1197 829 1285 quod
841 1221 981 1285 aequum
993 1208 1025 1263 et
1036 1198 1155 1264 bonum
1166 1207 1215 1263 est
1230 1197 1285 1281 (ud
1296 1195 1457 1279 ἐπιεικές)

298 1302 506 1389 praescribat.
551 1302 620 1366 Iam
637 1301 711 1365 hinc
727 1301 871 1388 sequitur
887 1300 919 1365 id
935 1300 1021 1388 quod
1037 1300 1078 1366 ad
1092 1300 1179 1365 illam
1195 1301 1330 1366 alteram
1345 1299 1460 1366 attinet

302 1404 532 1492 quaestionem.
566 1403 650 1470 Cum
672 1424 755 1467 unus
778 1404 863 1469 omni
887 1403 1009 1469 civitati
1031 1402 1104 1468 finis
1119 1401 1159 1468 sit
1174 1403 1366 1490 propositus,
1388 1425 1461 1490 per-

300 1508 446 1594 spicuum
469 1515 518 1571 est
539 1528 637 1570 unam
658 1528 785 1592 quoque
801 1506 1002 1592 eandemque
1025 1507 1205 1571 necessario
1224 1528 1294 1570 esse
1316 1505 1459 1570 omnium

301 1611 534 1690 educationem,
557 1608 647 1673 cuius
670 1609 852 1696 procuratio
868 1609 965 1674 debet
985 1607 1115 1696 publica
1131 1629 1212 1688 esse,
1234 1629 1298 1673 non
1322 1610 1374 1688 (ut
1388 1607 1460 1672 fieri

299 1713 395 1794 solet)
423 1712 551 1799 privata
572 1712 659 1793 (Pol.
676 1712 697 1776 l.
714 1710 734 1775 l.
764 1711 929 1777 1337a21
952 1713 1041 1798 sqq.)
1052 1710 1087 1794 ¹).
1129 1709 1291 1776 Nimirum
1318 1732 1378 1796 pro
1400 1731 1460 1774 sua

299 1815 415 1902 cuique
438 1822 530 1902 parte
553 1814 594 1878 ad
616 1814 748 1878 honeste
771 1813 901 1879 vivendi
927 1814 1113 1880 facultatem
1143 1811 1268 1896 (καλῶς
1289 1811 1362 1897 ζῆν)
1387 1833 1460 1877 con·

299 1916 466 1982 ferendum
489 1923 557 1997 est,
585 1936 624 1978 ea
649 1915 773 1980 ratione
804 1939 868 2004 qua
898 1926 1029 2003 propter
1058 1937 1260 1982 communem
1288 1914 1457 1980 utilitatem

298 2017 499 2104 salutemque
521 2006 633 2082 omnes
656 2025 821 2104 tamquam
839 2020 873 2082 in
895 2041 993 2084 uuum
1016 2019 1240 2084 conducuntur
1261 2015 1459 2104 vivendique

299 2120 404 2205 gratia
426 2120 501 2203 (τοῦ
522 2121 580 2207 ζῆν
601 2117 724 2202 ἕνεκεν)
747 2119 788 2184 ad
811 2119 936 2187 civilem
960 2109 1244 2207 congregationem
1265 2119 1460 2185 conveniunt

300 2223 358 2305 (ef.
373 2222 443 2287 Pol.
460 2223 524 2306 III,
545 2225 587 2289 3.·
601 2225 706 2288 127812
725 2224 763 2290 19
779 2226 857 2311 sq).
902 2222 975 2303 Quo
1005 2232 1112 2288 autem
1142 2222 1301 2288 artissimo
1330 2221 1459 2287 vinculo

299 2325 361 2388 hae
389 2324 471 2391 duae
498 2348 551 2392 res
577 2327 662 2392 inter
692 2348 727 2391 se
754 2325 951 2390 cohaereant
976 2325 1070 2390 facile
1104 2323 1282 2412 adparebit.
1334 2315 1459 2402 Quibus
1556 2399 1557 2414 χ

300 2429 387 2493 enim
408 2428 504 2495 rebus
524 2429 722 2516 singulorum
744 2428 908 2492 hominum
931 2427 1036 2492 studia
1055 2451 1122 2504 non
1142 2427 1237 2492 modo
1260 2449 1325 2492 non
1341 2426 1459 2498 iniuste

300 2529 448 2616 impediri
470 2530 528 2596 sed
549 2531 583 2597 id
604 2530 712 2617 potius
732 2529 891 2594 removeri
913 2529 992 2612 vult,
1009 2551 1072 2616 quo
1088 2528 1268 2616 perniciose
1282 2551 1345 2593 non
1359 2529 1460 2593 emni-
1556 2599 1557 2624 p

298 2633 358 2698 bus
386 2631 472 2696 omni
503 2652 544 2696 ex
571 2642 663 2718 parte
692 2632 840 2697 absoluta
866 2631 936 2706 fieri
958 2631 1059 2720 possit
1083 2631 1219 2695 eruditio
1243 2640 1275 2696 et
1296 2629 1452 2693 educatio.

299 2735 442 2800 Tantum
465 2734 596 2822 quidem
619 2735 720 2817 abest,
742 2745 778 2800 ut
797 2735 956 2822 privatam
980 2743 1012 2799 et
1033 2733 1242 2799 domesticam
1257 2730 1451 2818 disciplinam

299 2834 477 2922 despicatui
498 2837 617 2902 habeat
636 2838 767 2921 Noster,
788 2848 825 2904 ut
846 2837 975 2925 propria
997 2837 1065 2902 eius
1087 2835 1256 2902 commoda
1277 2833 1317 2899 ad
1338 2831 1456 2918 singuli

301 2938 455 3025 cuiusque
488 2940 671 3007 facultatem
700 2941 911 3007 excolendam
939 2939 1099 3004 collaudet
1126 2949 1223 3026 atqua
1256 2934 1459 3002 commendet
1557 2949 1558 2952 ’

301 3040 393 3121 (Eth.
410 3042 453 3107 N.
469 3042 514 3124 X,
538 3044 587 3108 10.
612 3043 717 3108 118οὺ
733 3045 751 3107 7
769 3046 871 3131 sqq.):
901 3053 934 3108 at
955 3050 1116 3130 repugnat
1138 3061 1235 3106 sanae
1258 3039 1359 3104 menti
1381 3039 1460 3102 anti-

301 3167 439 3231 quorum
467 3144 668 3210 Graecorum
703 3155 735 3210 et
761 3156 921 3233 repugnat
953 3145 1052 3210 menti
1080 3153 1113 3210 et
1140 3143 1245 3209 animo
1273 3140 1460 3228 Stagiritae‚

300 3246 354 3332 qui
377 3248 518 3312 omnium
541 3267 579 3310 ae
601 3245 799 3334 singulorum
821 3247 906 3314 inter
928 3269 963 3314 se
986 3245 1193 3334 congruendo
1215 3255 1297 3310 etse
1319 3244 1460 3309 invicem

299 3348 478 3436 supplendo
501 3356 603 3414 totum
626 3349 740 3436 augeri
771 3359 803 3415 et
831 3351 943 3438 perfici
971 3350 1185 3438 publicaeque
1214 3347 1324 3412 salutis
1347 3369 1462 3434 procu-

299 3449 422 3515 ratione
448 3473 607 3516 summam
635 3452 836 3518 honestatem
866 3453 1022 3520 contineri
1055 3451 1150 3517 vidit:
1178 3443 1249 3516 tubi
1277 3448 1459 3537 Cyclopum

299 3573 390 3618 more
412 3553 573 3639 modoque
595 3553 741 3642 singulus
764 3555 901 3643 quisque
923 3554 1023 3642 ipsius
1046 3553 1201 3646 arbitratu
1218 3553 1252 3618 in
1267 3573 1404 3617 uxorem
1426 3558 1461 3613 et
1556 3553 1558 3570 ⁴

299 3654 416 3720 liberos
433 3651 621 3720 dominatur’
646 3658 705 3740 (ib.
723 3678 744 3721 a
758 3659 816 3739 27)
825 3656 864 3740 ²).
902 3655 999 3736 Quod
1014 3655 1153 3742 denique
1167 3657 1261 3720 tertio
1276 3654 1348 3721 loco
1364 3675 1461 3740 quae·

300 3756 381 3822 ritur
403 3752 522 3839 (ποίαν
542 3757 619 3824 τινὰ
648 3759 701 3826 δεῖ
724 3755 860 3846 ταύτην)
889 3760 930 3825 ad
958 3759 1142 3824 intestinam
1170 3758 1332 3846 quandam
1360 3755 1461 3820 unita-

301 3868 366 3922 tem
399 3859 605 3926 referendum
639 3862 766 3928 videtur
800 3887 880 3928 esse.
931 3862 1019 3928 Nam
1044 3861 1231 3928 intestinum
1261 3857 1382 3946 aliquid
1409 3865 1461 3922 est

300 3958 395 4036 huius
416 3961 463 4024 tei
487 3962 622 4048 qualitas
650 3960 835 4052 (ποιότης).
879 3965 975 4030 Ratio
1001 3962 1131 4051 quidem
1158 3962 1262 4028 finalis
1291 3961 1372 4028 adeo
1398 3980 1460 4047 per

301 4070 403 4126 totum
425 4073 595 4149 penetrare
618 4065 714 4133 debet
737 4066 944 4150 educationis,
966 4075 1002 4132 ut
1024 4066 1116 4153 quasi
1131 4066 1270 4132 animata
1286 4065 1404 4130 existat
1417 4083 1461 4126 ea

302 4187 385 4252 quae
395 4163 554 4251 gradatim
567 4169 654 4234 omui
666 4178 757 4257 parte
769 4170 853 4236 bene
869 4169 1075 4255 conparanda
1086 4177 1189 4236 totum
1200 4169 1361 4235 hominem
1372 4164 1460 4231 bene

302 4323 501 4334 —-0—.—-

374 4401 393 4464 ¹)
411 4401 449 4452 cf.
461 4400 547 4462 Plato,
565 4401 647 4468 Legg.
661 4401 758 4466 v11,p.
773 4403 856 4452 told.

374 4487 394 4550 ²)
413 4487 451 4537 Os.
465 4487 542 4538 Hom.
557 4486 606 4538 Od.
620 4488 666 4552 IX,
682 4492 730 4539 112
741 4504 797 4554 sqq.
