3156 5246
601 433 807 496 ..93-

126 628 167 670 ex
196 605 258 670 illis
285 603 382 668 rebus
410 601 592 690 percipiant
602 603 637 684 ¹).
688 601 794 683 (Poot.
816 604 849 664 4.
882 601 992 668 14481)
1013 605 1065 668 1’2;
1101 598 1211 675 αἴσιον
1243 605 1281 670 de

124 707 183 773 καὶ
209 701 327 785 come,
345 700 408 770 ,ὅτι
432 699 620 786 μανθάνειν
642 698 682 770 οὐ
703 699 806 785 μόνον
827 707 898 783 τοϊς
919 699 1126 794 φιλοσόφοις
1146 702 1283 794 ἥδιστον

125 807 212 878 ἀλλά
233 809 292 876 καὶ
312 800 523 887 cecindillum
544 803 671 890 ὁμοίως
692 855 700 871 .
721 856 728 870 .
754 806 811 872 διά
839 805 901 895 γάρ
923 809 1020 874 τοῦτο
1048 807 1201 896 χαίρουσι
1219 809 1282 891 σάς

124 907 256 992 εἰκόνας
279 907 430 998 ὁρῶντες,
453 907 507 978 ὅτι
522 909 697 996 συμβαίνει
711 915 924 996 θεωροῦντας
938 907 1124 993 μανθάνειν
1139 912 1195 978 καὶ
1209 913 1282 980 ovd

124 1013 325 1098 λογίζεσθαι
334 1013 367 1081 σι’
379 1012 524 1096 ἕκαστον,
542 1016 614 1080 coll.
624 1017 718 1081 erct.
729 1015 753 1091 Ι,
766 1020 814 1080 11.
834 1015 1034 1100 ictuatum:
1045 1013 1084 1082 τὸ
1095 1013 1282 1096 μανθάνειν

123 1143 161 1186 τε
175 1115 239 1208 ridel
255 1118 362 1184 καὶτὸ
377 1113 577 1200 θαυμάζειν,
594 1166 603 1183 .
618 1166 626 1182 .
644 1113 756 1204 ὥσπερ
772 1113 916 1203 γραφικὴ
933 1111 1282 1204 καὶάνδριαντοποιιά

123 1219 181 1288 καὶ
198 1217 365 1308 ποιητική,
381 1271 387 1285 .
401 1269 408 1286 .
424 1215 484 1287 κάν
497 1213 520 1310 ᾖ
533 1219 579 1307 μή
596 1214 660 1308 ridel
676 1213 760 1287 αάεό
774 1218 814 1286 τὸ
832 1219 1069 1304 μεμιμημένον·
1093 1213 1209 1311 οὐγὰρ
1225 1221 1283 1291 ἐπὶ

122 1321 231 1412 τούτῳ
250 1321 370 1412 χαίρει,
398 1320 485 1392 atta
508 1319 730 1410 συλλογισμός
752 1321 841 1390 ἐστιν
864 1318 917 1390 ὅτι
938 1325 1037 1388 cudae
1060 1321 1175 1405 ἐκεῖνο,
1198 1323 1284 1396 diuae

123 1425 311 1512 μανθάνειν
331 1453 364 1495 τι
386 1425 588 1512 συμβαίνει.)
606 1465 641 1474 -
660 1427 726 1492 Res
749 1437 932 1514 spectantes
946 1425 987 1489 ad
1005 1447 1116 1494 earum
1132 1431 1285 1516 cognitio-

125 1554 199 1598 nem
215 1532 412 1598 excitantur:
436 1542 468 1596 et
482 1531 602 1618 gaudet
618 1530 749 1618 puerilis
764 1528 889 1594 animus
906 1529 966 1594 hac
985 1552 1043 1594 sua
1059 1531 1283 1617 cognoscendi,

124 1633 332 1721 intellegendi
356 1642 452 1721 atque
474 1631 646 1721 colligendi
669 1632 835 1696 facultate:
857 1653 932 1695 nam
949 1655 1020 1696 cum
1046 1653 1088 1696 ex
1106 1631 1283 1698 imitatione

124 1736 215 1800 initio
237 1736 387 1802 discimus
416 1735 491 1820 (σάς
516 1730 687 1824 μαθήσεις
714 1727 1122 1818 podenciniacum),
1151 1744 1218 1800 tum
1242 1758 1283 1805 ox

130 1849 238 1903 uestra
258 1839 356 1926 ipsius
380 1841 583 1926 cogitatione.
609 1877 643 1888 -
671 1837 763 1902 Haec
785 1835 876 1900 brevi
900 1836 1082 1900 Aristotelis
1109 1837 1284 1903 sententia:

130 1939 212 2004 uude
233 1941 296 2004 iam
319 1941 420 2024 vides,
444 1953 599 2029 quantum
623 1965 701 2028 erga
723 1942 824 2026 ipsam
847 1941 1018 2004 humanam
1043 1953 1189 2002 naturam
1212 1960 1285 2028 poc-

126 2052 202 2106 cent
224 2041 411 2108 educatores
433 2055 736 2132 praeceptoresque,
760 2042 816 2128 qui
837 2043 923 2106 illam
946 2041 1066 2126 ingenii
1089 2040 1153 2104 vim
1175 2041 1286 2109 animi-

126 2163 192 2228 que
215 2143 333 2228 agendi
355 2143 582 2230 adpetitionem
604 2145 757 2210 adiuvare
785 2156 840 2210 aut
866 2143 1013 2210 nesciunt
1036 2153 1092 2208 aut
1114 2143 1210 2208 etiam
1232 2165 1285 2209 no

127 2242 246 2324 lunt’).
292 2243 383 2323 Quae
406 2269 482 2312 vero
506 2247 558 2312 hic
585 2258 740 2332 aguntur,
768 2247 857 2312 nulla
885 2258 960 2310 sunt
988 2246 1049 2310 alia
1075 2267 1171 2340 ¹quam
1201 2269 1284 2332 quae

128 2355 203 2432 post
223 2346 321 2432 vulgo
343 2346 583 2435 disciplinarum
612 2348 771 2414 elementa
794 2349 902 2412 vocari
923 2349 1041 2431 solent,
1069 2359 1154 2414 artes
1173 2348 1284 2422 literas

132 2446 262 2533 legendi
286 2459 318 2513 et
340 2449 493 2538 pingendi
517 2447 626 2535 (τέχνη
648 2453 708 2517 τοῦ
736 2446 876 2537 ’γράφειν
898 2473 934 2514 σε
959 2450 1015 2516 καὶ
1037 2445 1283 2536 ἀναγινώσκειν,

126 2545 454 2639 γραμματιστικῆ)”)·
482 2589 525 2602 ·-
552 2553 649 2618 Haud
676 2553 791 2618 iniuria
818 2552 951 2618 forsitan
984 2556 1282 2621 mathematicorum

129 2651 298 2738 quaedam,
322 2655 412 2720 velut
425 2654 634 2720 ratiocinandi
656 2654 908 2740 numerandique
925 2667 1026 2720 artem
1047 2667 1083 2721 ut
1104 2658 1167 2724 huo
1190 2657 1285 2722 adda-

128 2777 198 2820 mus
222 2755 406 2820 monuerint
428 2779 469 2821 εκ
493 2758 568 2822 Eth.
592 2758 664 2823 Nic.
688 2757 763 2840 (Vl,
778 2757 809 2821 9.
837 2758 948 2820 1142ο
964 2759 1019 2840 16)
1043 2760 1171 2846 quidem
1195 2783 1286 2848 repe

130 2864 233 2920 tentes
250 2857 433 2923 Aristotelis
450 2860 509 2924 hoc
526 2861 612 2947 quod
635 2861 808 2947 quaeritur,
832 2856 918 2924 uude
939 2879 1020 2945 puer
1041 2861 1284 2931 mathematicus

130 2955 193 3022 iam
220 2957 292 3024 fieri
318 2961 433 3048 possit,
462 2965 590 3049 sapiens
615 2963 667 3026 vel
693 2963 845 3048 physicus
877 2985 940 3025 non
966 2963 1075 3050 possit.
1114 2965 1180 3032 Sed
1207 2967 1286 3033 hacc

129 3083 214 3125 nuuc
236 3063 341 3128 miuus
364 3085 522 3128 curamus.
545 3101 582 3112 -
608 3063 751 3142 Quarum
776 3085 883 3130 rerum
906 3063 1122 3132 docendarum
1140 3069 1231 3135 uiam
1254 3079 1286 3134 et

128 3164 285 3228 rationem
310 3165 396 3251 qued
418 3165 542 3250 attinet,
564 3188 602 3230 eo
625 3190 690 3232 non
708 3165 840 3231 dubium
863 3177 913 3230 cst
935 3169 1101 3252 contineri,
1125 3171 1211 3257 quod
1233 3193 1287 3235 ne

128 3287 220 3328 cesse
243 3287 313 3330 esse
335 3278 542 3356 praeceptum
566 3281 614 3334 est
636 3292 656 3333 a
676 3268 772 3335 rebus
795 3268 991 3336 facilioribus
1014 3271 1054 3335 ad
1078 3272 1286 3356 difficiliores,

128 3389 147 3428 a
174 3367 311 3454 cognitis
344 3368 386 3433 ad
420 3371 522 3456 magis
555 3371 682 3458 ignotas
715 3369 976 3459 progrediamur:
1014 3372 1125 3453 (Rhet.
1147 3373 1210 3456 III,
1236 3376 1286 3440 10.

131 3469 290 3552 1410119)
314 3465 394 3558 ἀρχῆ
417 3467 450 3537 d'
475 3467 558 3540 ἔστιν
576 3467 652 3561 ἡμῖν
668 3469 759 3560 αὕτη.
782 3509 819 3522 -
841 3472 989 3558 Utraque
1011 3474 1106 3557 enim,
1130 3487 1162 3542 et
1183 3499 1287 3562 gram·

130 3570 246 3636 metica
273 3584 305 3642 et
330 3574 503 3661 graphica,
537 3575 622 3640 utilis
651 3598 720 3640 esse
749 3569 938 3662 (χρήσιμος)
973 3575 1171 3661 significatur
1200 3582 1284 3664 (Pol.

11 3731 16 3750 ,
131 3672 172 3755 V,
187 3674 208 3738 3
223 3675 283 3757 in.)
306 3678 455 3762 vitaeque
479 3677 549 3740 usui
572 3689 812 3764 peropportuna
833 3673 1105 3765 (πολάχρησσος)
1135 3705 1207 3748 cum
1229 3683 1285 3750 illa

128 3779 317 3864 praesertim
341 3779 381 3844 ad
404 3789 571 3865 quaestum
595 3791 627 3844 et
642 3781 867 3846 commercium
881 3781 915 3848 in
930 3782 1057 3849 tuendis
1079 3784 1175 3850 rebus
1198 3785 1286 3852 fami·

129 3879 262 3946 liaribus
276 3881 478 3970 publicisque
493 3881 645 3968 gerundis
661 3869 866 3948 multifariam
878 3886 1033 3971 praebeat
1048 3911 1183 3973 magnos
1199 3911 1284 3976 usus,

129 3981 210 4048 haec
232 3983 364 4070 insuper
386 3982 427 4047 ad
449 3983 564 4048 melius
587 3983 834 4050 discernendum
856 3986 1161 4077 diiudicandumque
1183 3990 1286 4081 (πρὸς

127 4083 167 4151 σά
189 4082 328 4173 κρίνειν)
349 4084 519 4151 artificium
535 4107 636 4172 opera
657 4086 715 4167 (ib.
736 4087 1015 4177 1338a15sqq·)·
1035 4129 1071 4140 -··
1090 4093 1161 4160 Neo
1183 4117 1284 4182 parvo

133 4249 333 4264 *ιιι-...-

205 4329 548 4397 lffiuummm

205 4419 224 4482 ²)
243 4419 281 4469 Cf·
294 4422 309 4482 ἓ
321 4419 356 4474 42
368 4437 388 4472 s.
402 4422 419 4470 f.
1165 4457 1168 4464 ⁴

206 4503 225 4570 11)
245 4507 283 4556 ct.
296 4505 448 4576 ecxtmmp.
459 4526 481 4562 a.
495 4505 642 4573 Gr.44sqq.
653 4509 950 4584 (Beklrer,Aneod.658,
963 4515 992 4579 73
1009 4515 1070 4581 667,
1081 4515 1134 4580 1¹1)¹
