3156 5246
754 429 979 493 ..104-

292 599 398 668 omnia
421 597 522 666 videri
544 599 715 685 plurimum
731 607 763 664 et
777 599 957 682 necessario
974 597 1212 664 exsistumanda
1236 619 1305 664 esse
1327 599 1368 664 de
1389 597 1444 664 ille

292 725 375 790 quac
391 703 432 768 sit
445 701 550 788 prima
565 711 660 790 atque
675 725 800 768 summa
815 701 948 767 scientia
963 701 1021 784 (cf.
1037 701 1114 766 Met.
1128 701 1154 784 I,
1165 701 1196 766 2.
1211 701 1302 766 982a
1312 702 1331 766 8
1342 703 1443 788 sqq).

290 805 434 873 Habenti
450 805 533 870 enim
550 805 766 871 universalem
782 805 947 870 scientiam
970 803 1044 891 (τήν
1066 798 1221 870 καθόλου
1243 797 1443 892 ἐπιστήμην)

290 906 470 975 necessario
492 907 606 988 inesse,
631 917 663 972 et
685 907 791 975 omnia
804 907 878 972 huic
894 908 1037 972 subiecta
1060 906 1117 990 (sd
1135 900 1356 988 ὑποκείμενα)
1379 929 1444 970 una

292 1009 431 1097 quodam
442 1009 536 1074 modo
552 1009 634 1074 scire
650 1009 707 1093 (ib.
721 1033 741 1074 α
753 1011 792 1074 21
807 1012 894 1097 sqq.)
912 1019 944 1074 et
959 1010 1146 1076 difficillima
1156 1011 1224 1074 fere
1236 1027 1443 1094 cognoscere,
1464 1027 1474 1034 ·

290 1111 441 1178 nimirum
465 1133 503 1176 aa
525 1133 608 1199 quae
630 1110 687 1194 (od
703 1107 850 1194 μάλιστα
865 1107 1032 1193 καθόλου)
1056 1111 1235 1176 asensibus
1257 1108 1443 1194 longissime

291 1213 354 1282 sint
375 1223 498 1278 remota
520 1215 610 1298 (aaa
626 1216 711 1302 sqq.)
732 1217 757 1298 ).
783 1251 819 1262 «-
843 1214 924 1280 Esse
948 1213 1062 1278 deinde
1084 1214 1173 1280 illam
1189 1213 1357 1279 scientiam
1378 1235 1443 1278 om·
1550 1249 1551 1272 .

290 1316 378 1381 nium
400 1316 453 1380 vel
474 1315 727 1398 subtilissimam,
756 1328 920 1404 quantum·
935 1318 1073 1382 maxime
1095 1316 1136 1380 ad
1157 1315 1262 1401 prima
1284 1312 1440 1402 quaedam

291 1427 422 1505 spectet,
445 1440 550 1506 neque
566 1442 603 1485 eo
620 1419 780 1485 minusad
797 1417 975 1485 docendum
990 1417 1138 1484 idoneam
1161 1407 1441 1500 (διόασκαλικήν),
1550 1463 1551 1468 η

292 1543 355 1607 quo
378 1520 481 1606 magis
500 1521 534 1586 in
552 1543 658 1588 rerum
678 1521 781 1588 causis
797 1521 1000 1609 speculandis
1017 1531 1179 1586 versetur:
1201 1510 1297 1587 orions
1312 1515 1375 1604 γὰρ
1390 1517 1442 1582 ὀι-

291 1615 470 1690 δοίακοασιν
486 1617 592 1702 οἰνὰς
607 1619 717 1702 αἰτίας
731 1622 879 1708 λέγοντες
893 1621 972 1712 περὶ
987 1619 1123 1690 ἕκαστον
1139 1623 1198 1706 (ib.
1215 1645 1236 1688 ο
1248 1623 1292 1687 ⁴25
1307 1618 1444 1708 sqq.)').

291 1723 390 1790 Cuius
414 1725 551 1813 deniqne
574 1726 725 1790 scientiae
748 1728 792 1791 ait
816 1726 898 1791 scire
921 1737 1017 1812 atquc
1038 1714 1226 1811 intellegere
1253 1724 1321 1788 eius
1342 1722 1443 1809 ipsius

291 1826 396 1912 gratia
428 1828 567 1892 maxime
599 1828 763 1914 proprium
792 1849 877 1908 esso,
907 1851 989 1915 quae
1016 1828 1050 1892 id
1077 1837 1180 1916 tentet
1202 1827 1288 1915 quod
1309 1824 1444 1890 scientia

290 1929 429 2012 maxime
462 1929 698 2016 conprendatur
730 1926 784 2011 (τὸ
817 1927 963 2011 μάλιστα
997 1925 1208 2016 ἰποσαητόν);
1245 1929 1313 1993 fore
1347 1928 1441 2010 enirn,

292 2032 346 2118 qui
368 2033 533 2098 scientiam
564 2031 687 2098 sciundi
714 2033 818 2116 gratia
843 2035 978 2119 eligant,
1008 2043 1043 2098 ut
1070 2055 1141 2098 eam
1168 2031 1371 2118 potissimum
1394 2030 1440 2094 eli·
1550 2067 1551 2076 ν

289 2144 379 2220 gant,
402 2159 459 2200 cur
479 2145 511 2200 et
532 2136 616 2200 unde
637 2132 761 2220 reliqua
781 2137 887 2200 omnia
908 2146 1143 2222 cognoscantur
1166 2134 1226 2217 (ib.
1246 2155 1267 2197 ο
1282 2134 1324 2198 30
1345 2135 1442 2221 sqq).

291 2237 405 2302 Talem
426 2237 526 2322 igitur
547 2259 617 2302 csse
644 2239 694 2302 cui
720 2237 918 2326 principatus
947 2237 1115 2319 debeatur,
1147 2247 1179 2302 et
1207 2236 1349 2302 ninnium
1380 2236 1446 2323 qoi-

291 2338 364 2404 dem
385 2339 533 2422 maxime,
556 2361 639 2426 quae
661 2340 823 2424 cognitum
846 2341 978 2418 habeat,
1001 2348 1197 2427 quapropter
1219 2337 1260 2404 sit
1281 2338 1442 2425 egendum

292 2441 561 2529 unumquodque
584 2437 688 2524 (τίνος
709 2435 814 2509 ἕνεκέν
836 2441 907 2508 ἐστι
928 2442 1093 2530 πρακτέον
1113 2439 1281 2523 drumm:
1303 2439 1336 2504 id
1358 2437 1441 2526 quod

290 2543 411 2608 bonurn
438 2545 480 2609 sit
505 2546 538 2610 in
560 2545 693 2632 singulis
720 2545 900 2632 quibusque
926 2547 1037 2626 rebus,
1064 2556 1230 2632 optumum
1258 2543 1386 2608 omnino
1407 2541 1441 2606 in

289 2651 378 2718 omni
399 2659 515 2716 natura
537 2643 640 2730 (ὅλως
661 2647 699 2716 dd
720 2646 759 2714 τὰ
782 2639 919 2734 dipteron
939 2647 974 2715 ἐν
995 2649 1036 2736 τῇ
1058 2642 1162 2733 φύσει
1182 2640 1305 2732 πάσῃ).
1349 2643 1443 2722 Quae

293 2777 366 2820 cum
394 2755 438 2818 ita
465 2753 529 2820 sint
555 2748 609 2835 (ἐξ
629 2745 788 2819 ἁπάντων
810 2741 868 2818 οὖν
888 2753 955 2816 aazia
982 2746 1191 2837 εἰρημένων),
1217 2751 1332 2814 nomon
1358 2744 1440 2834 illud
1550 2757 1551 2770 ¹

292 2856 466 2942 sapientiae
488 2855 522 2920 in
546 2877 616 2920 eam
639 2853 754 2921 cadere
777 2855 941 2921 scientiam
969 2864 1131 2941 oportere,
1158 2853 1242 2939 qnae
1264 2847 1304 2914 sit
1323 2845 1440 2932 princi·

290 2957 414 3046 piorum
447 2959 684 3045 primorumque
707 2981 875 3023 causarum
906 2956 1101 3044 speculatrix
1132 2943 1367 3040 (dewpqrtrrib
1401 2947 1444 3012 de

291 3060 408 3148 quibus
430 3081 529 3125 unum
552 3057 592 3124 sit
614 3069 646 3124 et
667 3060 786 3124 bonum
807 3059 886 3124 illud
908 3053 1092 3146 (τάγαθόν)
1115 3067 1148 3122 et
1168 3055 1241 3120 finis
1260 3051 1443 3142 propositus

290 3162 344 3247 (ad
368 3151 409 3230 οὗ
429 3158 524 3228 ἕνεκα
550 3161 628 3229 ibid.
650 3163 702 3226 o3
724 3163 811 3248 sqq.)
832 3164 858 3244 ).
886 3199 923 3210 —-
954 3161 1039 3228 Satis
1062 3161 1150 3226 haee.
1172 3166 1175 3175 ⁴
1194 3159 1239 3224 Et
1260 3157 1337 3222 satis
1364 3153 1445 3242 quid

290 3268 350 3332 sibi
373 3266 510 3333 voluerit
531 3263 721 3350 Aristoteles
745 3287 786 3329 ex
808 3264 954 3329 omnibus
978 3264 1081 3328 adhuc
1104 3261 1196 3326 dictis
1219 3257 1271 3342 (ἐξ
1285 3254 1447 3326 ἁπάντων

289 3371 355 3436 τῶν
376 3365 585 3457 εἰρημένων),
613 3377 649 3434 ut
672 3368 791 3434 eisdem
812 3367 920 3432 verbis
943 3375 1029 3448 utar,
1056 3365 1157 3452 liquet
1178 3385 1239 3427 nec
1255 3361 1316 3426 nisi
1338 3384 1446 3451 pauca

289 3476 392 3541 habeo
417 3497 500 3560 quae
523 3472 704 3560 exponendi
719 3471 823 3559 gratia
838 3469 965 3535 addam.
999 3466 1152 3548 Solantia,
1175 3463 1214 3530 dc
1238 3487 1302 3552 qua
1325 3464 1446 3551 agitur,

290 3577 416 3664 singula
438 3598 520 3663 quae
547 3575 693 3642 sensibus
715 3582 887 3641 occurrunt
909 3582 942 3637 et
963 3569 1036 3636 inde
1059 3593 1100 3635 ex
1123 3568 1322 3656 experientia
1349 3565 1447 3632 nobis

289 3683 416 3748 notiora
439 3689 471 3743 et
492 3679 599 3765 priora
620 3689 693 3744 sunt
716 3685 864 3764 superata
894 3673 1032 3762 quodam
1051 3671 1145 3736 modo
1172 3670 1339 3752 videntur,
1368 3691 1442 3734 cum

289 3785 330 3850 ad
361 3783 554 3849 universalia
588 3803 671 3868 quac
702 3789 777 3844 sunt
809 3788 923 3844 natura
945 3776 1054 3863 priora
1082 3783 1114 3840 et
1142 3797 1161 3838 a
1189 3773 1283 3839 nobis
1315 3781 1442 3837 remota

290 3887 391 3972 magis
423 3885 591 3972 magisque
624 3882 858 3970 progredimur.
913 3879 1006 3942 Haec
1038 3876 1116 3942 satis
1150 3875 1239 3940 clara
1258 3871 1347 3939 'sunt
1380 3895 1443 3937 nec

290 3987 459 4054 difficulter
488 4008 570 4074 quae
603 3985 642 4049 de
674 3983 848 4051 subtilitate
877 3983 1022 4048 feruntur
1049 3979 1226 4066 intelleges.
1270 3975 1444 4058 Nimirum,

288 4157 487 4168 ...nm—...—

362 4261 380 4325 ¹)
401 4260 439 4312 Cf.
454 4259 466 4320 ξ
480 4257 517 4312 38
528 4258 598 4322 (coll.
611 4257 691 4324 Phys.
704 4255 764 4321 Vll,
776 4255 802 4308 3.
816 4253 887 4308 247o
900 4253 918 4306 5
930 4268 983 4320 sq.;
996 4249 1218 4316 Trendolenburg,
1230 4247 1271 4298 El.
1284 4247 1336 4312 log.
1351 4247 1365 4312 ξ
1378 4245 1412 4310 6).

361 4347 381 4414 ²)
402 4347 440 4398 Of.
459 4347 520 4399 Met.
534 4344 686 4408 vr1,4in.;
705 4341 872 4397 0.5.1031a
886 4341 916 4406 1;
936 4341 986 4390 An.
999 4355 1040 4406 po.
1057 4339 1078 4400 I,
1091 4338 1133 4392 27.
1146 4337 1180 4391 87
1189 4355 1208 4390 α
1217 4333 1253 4389 34
1271 4331 1441 4398 (ΤτεαᾱοΙαα-

288 4438 356 4504 burg
369 4453 392 4487 n.
406 4435 437 4486 de
450 4452 490 4486 an.
505 4449 597 4486 comm.
610 4449 634 4499 p.
649 4432 699 4485 186
711 4431 768 4496 sq).

360 4524 380 4588 ³)
400 4523 439 4575 Ol.
453 4525 468 4585 ἓ
480 4521 524 4575 42.
