3156 5246
648 420 719 458 a
788 403 1000 468 -63.„

307 587 396 665 uuae
420 594 503 666 quae
528 584 601 652 seint
624 575 756 642 virtutes
780 563 899 656 (uilloc
913 568 1045 662 ἀρεταί)
1068 573 1100 643 iu
1117 573 1220 640 vicem
1235 571 1476 660 quodammodo

311 679 373 744 alia
396 678 490 744 aliam
514 678 708 748 coadiuvant
731 674 942 763 (uurepyodut'
963 701 1036 756 πως
1061 671 1130 760 μετ’
1153 669 1338 764 ἀλλήλων),
1367 685 1403 740 ut
1432 674 1480 739 di·

312 784 403 863 citur,
427 781 708 868 coalescenteeque
726 780 788 844 alia
811 780 905 844 aliam
924 783 1117 849 comitantur
1140 782 1197 862 (cf.
1215 778 1261 842 Μ.
1277 775 1359 842 Mor.
1377 777 1476 859 11‚3.

314 884 474 966 tautae)
486 881 523 964 ¹).
556 921 592 930 -
623 881 746 961 Quodsi
778 883 839 946 hoc
865 881 936 948 loeo
966 884 1184 970 conprobatur
1210 880 1244 946 id
1273 881 1358 966 quod
1381 880 1481 944 dooe-

312 1010 398 1068 mun,
427 987 509 1050 sicut
536 983 702 1048 scientiam
732 984 865 1050 scientia
894 985 1082 1072 quadam²),
1103 984 1160 1054 ,sio
1182 983 1332 1048 virtutem
1356 982 1482 1046 virtute

312 1099 477 1175 tamquam
500 1085 682 1150 conditione
704 1087 751 1150 uti
773 1099 923 1173 oportere
947 1099 979 1152 et
1002 1087 1182 1166 conditore,
1214 1095 1291 1150 natu
1314 1084 1482 1150 minorum

313 1191 447 1254 uirtutes
469 1189 626 1254 maiorum
649 1189 847 1274 experientia
875 1201 906 1254 et
935 1190 1120 1280 prudentia:
1148 1187 1270 1272 patebit
1291 1209 1356 1252 non
1379 1187 1482 1251 ruodo
1566 1237 1567 1244 ,

311 1285 495 1358 Aristotelis
522 1292 615 1374 (ath.
638 1291 680 1356 N.
704 1292 761 1369 VI,
788 1293 859 1373 13):
894 1287 947 1360 ὅτι
977 1287 1037 1373 οὐχ
1064 1281 1138 1358 οἷόν
1165 1312 1202 1354 τε
1230 1283 1364 1374 ἀγαθὰν
1387 1280 1483 1356 εἶναι

315 1390 435 1480 euplus
457 1386 536 1460 diaeo
558 1389 760 1482 penuriosam,
785 1388 864 1462 οὐδὲ
887 1392 1053 1482 φρόνιμον
1074 1387 1154 1461 diaeo
1175 1395 1234 1479 τῆς
1256 1386 1382 1479 ἠθικῆς
1404 1388 1486 1480 ἀρε-

315 1500 382 1585 τῆς,
401 1535 437 1544 -
461 1498 545 1583 quod
561 1520 625 1561 non
642 1497 703 1561 nisi
724 1497 846 1562 homini
868 1497 953 1562 bono
978 1498 1094 1562 bonum
1119 1497 1204 1579 (scil.
1221 1495 1308 1576 linis)
1332 1494 1482 1582 adparet,

316 1600 465 1689 quoniam
489 1599 633 1685 pravitas
656 1600 812 1683 pervertit
836 1599 1016 1686 efficitque,
1046 1609 1083 1663 ut
1106 1599 1146 1664 de
1168 1597 1286 1684 agendi
1309 1597 1482 1685 principiis

311 1703 464 1768 vfallamur
486 1711 518 1764 et
541 1701 621 1764 falso
644 1699 822 1766 iudicemus
845 1702 904 1785 (ib.
921 1702 1028 1784 aar),
1065 1739 1101 1748 -
1132 1703 1365 1766 verumetiam
1390 1700 1482 1786 quod
1561 1749 1566 1783 ,

315 1827 440 1870 summa
464 1800 621 1889 quaedam
639 1804 798 1868 sententia
814 1825 898 1891 quae
913 1802 954 1866 ad
973 1803 1101 1868 animae
1115 1804 1274 1868 humanae
1298 1803 1482 1868 doctrinam

311 1915 441 1994 -epeotat
455 1904 488 1968 in
505 1925 542 1968 eo
563 1903 669 1991 posita
692 1918 748 1983 est,
773 1905 859 1992 quod
881 1905 921 1969 ad
942 1903 1073 1988 γένεσιν
1094 1906 1218 1987 attinet,
1242 1905 1283 1970 ad
1297 1905 1479 1990 generatio·

316 2033 392 2074 uem
415 2008 586 2088 virtutum,
610 2002 705 2090 (καθ’
730 1999 771 2087 dg
791 2007 830 2074 δὲ
852 2003 970 2086 ἁπλῶς
992 2007 1123 2094 λέγεται
1146 2001 1278 2093 ἀγαθός
1303 2007 1346 2071 ib.
1371 2008 1476 2072 netu

311 2111 457 2197 ν35η),
492 2109 577 2174 unde
600 2112 649 2174 vir
679 2111 825 2176 absolute
855 2111 957 2176 bonus
987 2112 1181 2186 nominatur.
1231 2107 1293 2176 Pro
1324 2133 1362 2173 eo
1394 2111 1481 2174 enirn

318 2213 404 2300 quod
431 2213 651 2298 intellegentia
681 2225 713 2278 et
742 2215 890 2278 honestas
917 2215 1005 2279 nullo
1034 2215 1129 2288 modo
1159 2213 1262 2278 dirimi
1291 2224 1416 2299 queunt
1439 2213 1481 2277 ab

317 2324 446 2380 aucto-re
468 2325 577 2378 nostro
599 2336 640 2378 eo
662 2314 810 2380 videmur
831 2319 985 2399 revocari,
1008 2317 1063 2382 nbi
1087 2316 1239 2402 cogitatio
1263 2325 1296 2378 et
1318 2314 1479 2402 cupiditas

319 2417 420 2498 altera
433 2417 527 2481 ¹alteri
544 2417 636 2502 quasi
657 2417 783 2482 obviam
798 2419 844 2499 fit,
867 2419 1027 2502 nimirum,
1044 2420 1084 2484 ad
1101 2429 1221 2484 rectam
1238 2417 1362 2482 consilii
1384 2417 1479 2482 liber·

316 2531 417 2584 tatem
442 2515 656 2612 (προαίρεσιν
679 2513 816 2605 ὀρθήν),
849 2544 932 2607 quae
954 2545 1017 2586 non
1040 2522 1108 2586 sine
1131 2519 1303 2607 prudentia
1326 2539 1395 2584 esee
1418 2541 1482 2584 nec

319 2623 389 2687 sine
416 2620 534 2685 virtute
563 2621 700 2686 habetur
733 2622 793 2705 (ib.
818 2625 927 2688 illitu
946 2625 993 2706 4).
1047 2622 1146 2690 Vides
1180 2645 1243 2709 quo
1274 2620 1384 2686 tendet
1415 2621 1480 2684 die-

318 2722 452 2810 putetio.
490 2723 550 2786 Est
573 2723 672 2807 enim,
694 2737 730 2789 ut
751 2726 814 2790 huc
834 2725 950 2791 iterum
974 2726 1097 2813 opinari
1121 2735 1153 2788 et
1175 2727 1272 2806 seire,
1297 2722 1378 2785 velut
1398 2741 1472 2784 esse

218 2846 221 2854 ¹
318 2834 352 2888 et
374 2823 490 2904 videri,
513 2823 552 2890 τὸ
574 2819 651 2912 ἡμῖν
674 2821 807 2912 ἀγαθόν
830 2839 862 2892 et
884 2823 1002 2908 ἁπλῶς
1024 2822 1171 2914 ἀγαθόν,
1203 2822 1361 2905 caetera³)
1389 2845 1478 2910 quae

319 2927 421 3013 repeti
436 2949 501 2990 non
517 2950 596 3016 opus
613 2929 683 3010 erit,
706 2941 870 3017 tamquam
894 2933 1041 3020 opposita
1056 2931 1139 2994 inter
1154 2952 1189 2994 se
1205 2929 1370 3007 accedant,
1394 2947 1484 3011 quae

318 3031 402 3094 inter
424 3053 458 3094 se
488 3031 579 3115 quasi
607 3032 796 3116 conpensari
822 3035 1014 3121 virtutisque
1042 3030 1248 3118 generandae
1278 3028 1383 3114 gratia
1405 3049 1487 3092 con-

319 3131 420 3197 ciliari
443 3130 585 3213 debent‚·
606 3131 726 3219 quippe
749 3133 834 3198 unde
860 3136 1017 3200 institutio
1041 3145 1073 3198 et
1095 3132 1262 3219 discipline
1285 3142 1318 3196 et
1339 3132 1489 3198 babeant

320 3233 442 3300 exitum
466 3244 498 3298 et
519 3233 713 3319 pulcerrimo
737 3248 894 3303 conuentu
915 3235 1092 3324 procedere
1115 3236 1238 3324 possint
1265 3235 1323 3316 (cf.
1344 3234 1423 3298 ath.
1441 3233 1489 3298 N.

319 3337 366 3416 ΙΙ,
382 3337 413 3402 3.
440 3336 603 3401 1105a30
616 3338 716 3424 sqq.).
762 3340 807 3402 At
828 3337 980 3425 liquidius
1001 3339 1057 3404 fiet
1080 3337 1157 3424 quid
1180 3338 1260 3402 haec
1283 3336 1345 3400 sibi
1367 3336 1507 3419 velint,·

320 3439 347 3502 si
370 3459 533 3526 perpauca
553 3437 670 3504 iterum
691 3439 811 3506 Nostro
835 3441 918 3507 duce
938 3441 1209 3528 perspexerimus.
1233 3475 1270 3486 -

406 3642 458 3706 37.
482 3643 606 3709 Iterum
622 3642 751 3728 quidem
768 3643 807 3707 ed
823 3643 855 3708 id
870 3644 1032 3730 perveniri
1047 3645 1224 3731 oportebat,
1248 3645 1337 3710 cuiue
1354 3641 1491 3710 ratione
1528 3641 1536 3684 t

321 3744 528 3832 philosophus
551 3753 661 3807 noster
683 3746 817 3811 nimium
839 3745 964 3810 laudari
987 3747 1053 3811 fere
1076 3769 1140 3812 non
1160 3749 1295 3835 poterit:
1321 3746 1492 3814 rationem

324 3845 406 3927 dico,
430 3869 494 3933 qua
515 3841 712 3933 προαίρεσις
726 3848 811 3934 apud
827 3849 1033 3914 Aristotelem
1050 3851 1278 3933 consideretur,
1302 3849 1492 3936 consilium,

322 3948 356 4012 in
384 3971 446 4036 quo
475 3951 632 4014 humanae
663 3949 836 4015 voluntatis
865 3951 1047 4017 libertatem
1077 3953 1250 4018 consistere
1284 3953 1402 4018 docuit.
1449 3993 1491 4002 -

324 4051 477 4117 Attamen
498 4074 562 4117 non
585 4050 749 4133 eomodo,
775 4074 838 4138 quo
860 4052 944 4118 idem
961 4054 1149 4122 Ethicorunr
1172 4051 1254 4120 libre
1277 4054 1371 4120 tertio
1395 4057 1495 4124 hanc

396 4299 415 4365 ¹)
434 4301 472 4352 Ol.
488 4300 711 4368 Trendelenburg,
730 4301 801 4354 Hiet.
814 4303 893 4352 Beitr.
913 4304 947 4354 11.
966 4321 991 4370 p.
1003 4304 1056 4360 385
1068 4321 1107 4370 sq.
1127 4305 1199 4368 (coll.
1212 4306 1227 4365 ἓ
1240 4304 1275 4358 26
1287 4303 1372 4367 extu).

396 4387 415 4450 ²)
435 4387 473 4438 Of.
486 4389 563 4439 Anal.
578 4405 618 4456 po.
632 4390 666 4453 Il,
680 4391 695 4442 1
709 4392 745 4443 in.
764 4390 824 4441 coll.
837 4391 897 4440 Elth.
911 4393 941 4442 N.
955 4391 1000 4454 Vl,
1013 4391 1038 4442 3.
1058 4390 1203 4444 11391126.

397 4471 416 4537 ³)
433 4475 473 4526 Of.
488 4478 501 4538 5
515 4476 558 4529 26.
