3154 5252
791 416 996 480 ..14-

273 637 277 647 ,
316 601 348 657 et
370 611 468 678 agere
492 596 524 653 et
546 587 711 673 voluptate
734 586 828 653 adfici
849 588 881 652 in
906 588 1139 676 consequendis
1162 589 1278 654 finibus
1301 591 1475 677 propositis

314 693 517 779 (1.1.1,10).
560 687 597 755 Si
620 689 810 776 quicquam,
840 689 873 754 id
896 691 1042 776 profecto
1064 689 1198 756 deorum
1220 690 1341 758 donum
1363 695 1474 776 (θεῶν

314 791 464 884 δώρημα,
486 786 692 874 θεόσδοτον)
715 790 896 857 hominibus
918 791 1123 858 iudicandum
1144 815 1230 859 esse:
1252 804 1405 878 attamen,
1431 833 1469 844 -—
1559 883 1560 886 Ἴ

216 953 219 958 .
312 903 383 966 loco
405 896 536 964 laudato
557 895 717 981 legimus,
730 931 772 941 -
795 893 871 958 licet
891 915 955 958 non
978 893 1020 959 sit
1041 896 1174 962 missum
1196 920 1215 960 a
1238 896 1297 962 diis
1319 897 1471 964 inmorta-

312 1002 397 1068 libus
412 994 665 1085 (θεόπεμπτον)
688 997 743 1062 sed
760 996 888 1077 virtute,
911 995 1066 1080 doctrina,
1086 998 1316 1065 exercitatione
1331 1011 1471 1088 partum,

309 1103 515 1170 nihilominus
536 1101 680 1166 divinum
696 1097 858 1186 quoddam
874 1098 999 1164 virtutis
1014 1123 1085 1165 esse
1099 1102 1286 1190 praemium,
1303 1113 1471 1192 optumum

312 1205 432 1295 aliquid
447 1226 642 1290 omnemque
655 1200 782 1268 laudem
807 1201 968 1266 excedens
984 1202 1113 1268 beatum
1138 1204 1197 1286 (ib.
1217 1205 1323 1270 10991
1341 1207 1380 1271 14
1395 1229 1468 1294 sqq.

312 1310 384 1378 coll.
398 1312 416 1372 b
431 1309 489 1392 253
511 1331 538 1374 c.
556 1307 622 1390 12).
659 1305 749 1370 Dicit
770 1303 854 1369 enim
876 1304 1083 1370 Aristoteles:
1104 1305 1233 1371 laudem
1256 1307 1386 1393 quidem
1408 1308 1472 1372 vir-

310 1413 371 1479 tuti
397 1409 602 1478 tribuendam
630 1408 667 1491 (l.
688 1409 709 1473 l.
733 1407 812 1472 1101
828 1408 846 1469 b
865 1407 940 1488 31),
974 1405 1008 1472 in
1037 1431 1076 1472 ea
1102 1418 1209 1474 autem
1237 1431 1320 1496 quae
1346 1411 1471 1476 honore

313 1515 413 1601 digna
434 1523 466 1579 et
487 1514 633 1601 perfecta
655 1510 719 1575 sint
741 1511 822 1593 (τῶν
842 1504 962 1592 τιμίων
983 1507 1210 1593 autocratore)
1237 1511 1471 1580 beatitudinem

310 1619 397 1683 illam
415 1653 452 1665 -
475 1617 586 1705 ψυχῆς
607 1612 784 1701 ἐνέργειαν,
801 1651 838 1660 -
855 1614 1058 1679 referendam
1082 1636 1161 1697 esse,
1184 1636 1268 1701 quae
1290 1615 1470 1683 secundum

309 1721 462 1784 virtutem
491 1718 675 1803 virtuteque
705 1715 882 1781 excolenda
911 1717 1106 1804 perficiatur.
1155 1715 1267 1782 Videri
1292 1719 1376 1783 enim
1405 1719 1469 1784 hoo

309 1824 355 1888 ita
378 1843 413 1886 se
429 1821 568 1900 habere,
597 1818 801 1906 quodetiam
825 1818 1018 1906 principium
1040 1818 1074 1882 id
1094 1818 1135 1883 sit
1158 1855 1195 1867 -
1220 1818 1296 1902 (διὰ
1317 1817 1356 1888 τὸ
1380 1812 1470 1886 εἶναι

308 1918 407 2013 ἀρχή)
424 1959 462 1971 -
483 1931 580 2010 atque
595 1923 742 2008 primum,
758 1922 847 1987 cuius
863 1922 968 2008 gratia
982 1943 1091 1986 omnes
1107 1923 1214 1986 omnia
1227 1923 1352 2010 reliqua
1367 1936 1469 2010 agent

310 2028 347 2110 (i.
363 2029 384 2092 l.
400 2049 428 2090 e.
450 2027 490 2090 12
512 2026 624 2105 extr).
669 2023 828 2090 Acerrimi
853 2023 975 2108 ingenii
1001 2023 1178 2111 sagacitate
1200 2025 1354 2108 Kantius,
1384 2049 1469 2092 sum-

307 2153 379 2194 mus
401 2128 455 2194 ille
475 2126 664 2193 recentioris
685 2126 798 2192 aetatis
820 2126 1045 2214 philosophus,
1073 2128 1167 2192 istam
1188 2125 1395 2194 beatitudinis
1418 2151 1466 2193 ra·

307 2231 428 2298 tionem
456 2255 475 2296 a
501 2255 537 2296 se
564 2227 784 2316 reiecit,'que
810 2229 906 2294 alieni
933 2229 1055 2317 aliquid
1082 2253 1188 2316 neque
1214 2230 1313 2318 ipsius
1344 2233 1466 2320 proprii

308 2337 385 2402 iuris
409 2334 495 2423 quod
522 2341 607 2398 esset
635 2341 802 2419 tamquam
828 2333 968 2419 primum
990 2341 1021 2399 et
1041 2333 1233 2420 principium
1262 2333 1295 2397 in
1323 2334 1464 2400 animum
1559 2363 1560 2406 3

308 2440 466 2504 acciretur
474 2436 511 2519 ¹).
533 2431 607 2501 tIch
630 2435 690 2500 soll
713 2445 811 2500 etwas
833 2429 935 2518 thun’,
953 2435 1120 2522 -inquit,
1138 2429 1275 2501 —-‘weil
1296 2435 1349 2500 ich
1365 2446 1462 2502 etwas
1559 2429 1560 2432 ¹

308 2543 444 2606 anderes
466 2533 587 2621 will'²).
631 2540 677 2603 At
700 2529 931 2620 minus-reete,
959 2548 994 2602 ut
1015 2535 1153 2601 videtur.
1198 2537 1288 2602 Nihil
1310 2538 1394 2602 enim
1417 2539 1463 2604 ibi

307 2654 356 2711 eet
382 2644 477 2710 alieni
508 2665 614 2730 neque
645 2639 786 2722 externi,
820 2638 875 2703 ubi
909 2659 946 2703 eo
977 2638 1047 2726 ipso
1080 2639 1238 2706 studendo
1270 2639 1458 2726 agendoque

214 2739 216 2746 ¹
306 2745 356 2831 (ἐν
379 2742 501 2835 ἑαυτῷ)
532 2767 597 2809 una
624 2743 720 2808 simul
746 2763 818 2806 cum
845 2741 1044 2830 voluptatem
1071 2752 1140 2808 tum
1165 2742 1390 2830 perfectionem
1424 2753 1456 2805 et
1558 2785 1559 2820 3

304 2873 429 2916 summa
450 2849 570 2913 virtute
596 2844 777 2912 exercenda
797 2867 956 2911 summum
984 2845 1105 2911 bonum
1131 2846 1335 2935 percipimus.
1377 2843 1459 2910 Inde
1558 2845 1559 2850 ’

305 2953 401 3018 etiam
423 2950 526 3036 magis
548 2947 757 3014 Aristotelem
778 2947 956 3029 laudamus,
981 2947 1035 3034 qui
1057 2949 1248 3037 principium
1273 2945 1348 3034 (τὴν
1362 2941 1462 3033 ἀρχὴν

307 3055 363 3122 καὶ
384 3051 423 3122 ud
447 3048 557 3120 αἴτιον
577 3052 643 3118 τῶν
665 3043 821 3138 ἀγαθῶν)
852 3049 1057 3137 omniumque
1084 3051 1241 3118 bonorum
1271 3075 1401 3118 causam
1431 3062 1463 3116 et

306 3158 398 3247 quasi
418 3159 542 3223 fontem
559 3149 652 3221 ‘illud
675 3156 796 3218 honore
819 3151 951 3238 dignum
975 3152 1096 3239 aliquid
1112 3163 1145 3218 et
1160 3148 1311 3220 divinum’
1335 3149 1462 3240 (τίμιόν

303 3287 336 3330 τι
359 3261 415 3330 καὶ
436 3263 548 3343 θεῒον)
570 3256 751 3324 hominibus
774 3255 977 3343 proposuerit
997 3255 1089 3336 (Eth.
1105 3255 1147 3320 N.
1164 3256 1191 3338 Ι,
1210 3257 1250 3321 12
1272 3259 1383 3340 exta).

857 3514 920 3579 III.

388 3663 419 3728 8.
447 3660 509 3726 His
530 3657 627 3723 robus
649 3652 858 3722 consideratis
882 3652 921 3716 ad
944 3651 1071 3716 tertiam
1086 3652 1180 3718 huius
1196 3655 1320 3720 exordii
1335 3665 1461 3743 partem

301 3773 513 3830 transeamus.
557 3761 733 3846 Postquam
756 3755 840 3821 enirn
863 3753 1039 3819 denatura
1063 3749 1192 3840 generis
1213 3757 1343 3824 humani
1363 3757 1463 3822 disse·

301 3867 439 3948 ruimus,
462 3865 536 3930 inde
559 3885 601 3928 ex
627 3883 666 3925 ee
691 3881 774 3946 quae
797 3853 944 3923 omnibus
966 3857 1156 3924 naturaliter
1177 3859 1269 3925 nobis
1292 3861 1388 3925 insita
1410 3872 1462 3925 est

200 4037 202 4041 ,
302 3967 508 4056 adpetitione,
530 3965 628 4030 finem
651 3962 756 4028 adhuc
778 3962 939 4027 illustrare
955 3959 1060 4024 conati
1076 3985 1185 4028 sumus
1206 3963 1261 4050 qui
1276 3964 1362 4029 omni
1385 3963 1462 4028 edu-

301 4071 418 4136 cationi
441 4067 623 4157 propositus
646 4075 704 4130 est.
748 4064 813 4143 Qui
834 4061 908 4128 finis
931 4084 1002 4127 cum
1026 4085 1107 4129 unus
1131 4063 1172 4130 ait
1194 4088 1259 4152 quo
1281 4066 1460 4132 studiorum

299 4239 499 4249 -n-

374 4329 391 4394 ¹)
409 4329 489 4387 Kant,
508 4345 586 4396 opera
603 4328 642 4380 ed.
661 4325 830 4379 Roaenkranz
852 4326 922 4376 vul.
947 4322 1073 4394 ‘Metaph.
1087 4326 1110 4376 d.
1124 4320 1215 4378 Sittau’
1235 4343 1260 4394 p.
1274 4331 1305 4380 73
1320 4344 1376 4394 sqq.
1396 4331 1462 4381 coll.

296 4415 373 4470 ‘Krit
393 4418 419 4469 d.
437 4434 475 4484 pr.
488 4411 573 4467 Veru.'
593 4432 617 4482 p.
635 4421 683 4468 184
699 4431 754 4481 sqq.

371 4505 393 4571 ²)
412 4505 451 4556 Ib.
471 4521 496 4571 p.
517 4509 558 4555 76.
