3154 5252
584 434 794 500 „33-

108 613 141 678 in
165 609 363 677 educationis
386 608 532 673 doctrina
554 603 732 692 gravissimi
755 604 855 671 habes
879 605 1072 687 momenti').
1090 642 1125 651 -
1144 605 1263 689 Motus,

109 713 209 802 quiin
226 712 332 778 animo
349 712 516 790 exsistunt,
538 708 618 772 alius
635 707 732 770 alium
749 706 833 770 inter
849 729 883 770 se
900 706 1074 793 excipiunt,
1097 707 1266 796 insequun-

108 827 171 899 tur,
199 816 390 882 comitantur
413 807 680 897 (ἀκολουθοῦσιν
703 803 890 896 άλλήλοις);
925 810 1134 895 cogitationes
1157 810 1264 899 imagi,-

109 918 417 1006 nandique-figurae
440 911 709 1003 (φαντάσματα),
732 922 764 977 et
786 934 843 976 eae
866 913 1066 997 potissimum
1090 937 1172 1001 quae
1194 939 1264 1002 pro-

106 1023 246 1111 pinquae
268 1021 354 1085 inter
382 1043 417 1084 se
445 1029 477 1083 et
499 1030 654 1106 cognatae
677 1027 764 1099 sunt,
796 1015 858 1079 alia
886 1015 981 1080 aliam
1010 1026 1096 1081 certo
1127 1019 1264 1105 quodam

107 1148 150 1190 ex
172 1124 285 1189 ordine
316 1115 427 1203 (τάξιν
446 1117 536 1207 τινά)
564 1122 659 1186 etiam
688 1117 899 1185 exsuscitant:
927 1141 987 1183 nec
1015 1121 1127 1206 negari
1149 1131 1265 1207 potest,

107 1238 266 1315 quantum
289 1225 351 1287 hac
378 1226 411 1288 in
436 1247 470 1289 re
498 1225 692 1311 consuetudo
715 1222 831 1306 (ἔθος)
860 1223 980 1303 valeat,
1010 1245 1073 1308 qna
1100 1246 1197 1309 saepe
1224 1226 1266 1290 f-

109 1328 228 1396 ciundo
253 1327 387 1390 alteram
411 1325 478 1390 fieri
501 1336 649 1392 naturam
679 1326 732 1410 (cd
756 1320 920 1404 πολλάκις
948 1320 1051 1414 φάσιν
1078 1329 1185 1409 ποιεῖ)
1214 1327 1267 1392 do·

110 1455 225 1498 camur
249 1428 306 1512 (dc
322 1451 414 1494 mem.
432 1439 464 1494 et
478 1451 556 1494 rem.
572 1431 603 1494 2.
626 1431 713 1495 4511>
729 1430 917 1496 28—452a
933 1431 966 1511 33
983 1431 1060 1494 <128
1077 1434 1151 1517 σιμ).
1197 1431 1265 1496 lam
1283 1483 1289 1494 .

112 1534 220 1602 omitti
243 1557 306 1599 non
329 1534 431 1615 debet,
455 1532 541 1620 quod
564 1532 646 1596 sicut
669 1533 859 1598 consultatio
883 1528 1129 1616 (entreceur)
1153 1535 1199 1598 sio
1221 1556 1267 1598 re-

113 1636 316 1704 miniscentia
337 1657 463 1722 quoque
486 1636 697 1700 conclusionis
722 1636 860 1724 quadam
883 1637 941 1700 sub
959 1639 1065 1722 specie
1089 1627 1177 1719 (οἷον
1192 1636 1267 1705 σολ·

116 1733 275 1828 λογισμός
292 1739 357 1819 τις)
381 1738 465 1825 apud
488 1738 696 1803 Aristotelem
720 1739 779 1821 (ib.
795 1738 885 1803 453a
900 1739 919 1802 9
935 1741 1000 1828 sq.)
1029 1741 1267 1806 consideratur:

115 1867 190 1909 nam
213 1845 293 1907 sicut
319 1842 373 1907 illa
400 1840 446 1906 sic
476 1842 571 1906 etiam
601 1842 680 1906 haec
709 1842 886 1929 disquisitio
918 1843 1076 1929 quaedam
1104 1841 1267 1932 (ζήτησις)

113 1947 229 2012 dicitur
252 1967 321 2010 esse
343 1944 376 2009 in
400 1965 448 2026 co,
472 1943 503 2008 iu
527 1967 590 2030 quo
615 1943 711 2010 animi
730 1945 839 2010 valent
853 1945 1021 2026 motiones,
1045 1947 1112 2012 sive
1136 1949 1269 2014 affectus

109 2042 147 2133 (ὃ
169 2041 497 2135 άναμιμνησκάμενος
512 2042 700 2131 σωματικόν
718 2072 751 2113 ει
767 2051 858 2127 κινεῖ,
882 2046 917 2114 ἐν
939 2037 964 2137 ᾧ
984 2048 1023 2117 cd
1046 2045 1187 2133 πάθος).
1226 2055 1271 2116 At

107 2155 209 2240 longe
232 2152 317 2219 aliud
341 2161 394 2217 est
411 2152 578 2217 consulere
598 2163 630 2215 et
653 2150 843 2234 deliberare,
872 2151 958 2216 aliud
979 2153 1154 2238 reminisci,
1184 2157 1270 2243 quod

110 2257 209 2323 ctiam
230 2257 425 2337 inconsulte,
454 2266 489 2320 ut
511 2255 654 2337 videtur,
685 2263 716 2318 et
737 2252 836 2319 invite
865 2275 904 2320 ex
926 2255 996 2342 ipso
1019 2258 1178 2323 movendo
1201 2259 1271 2324 fieri

112 2369 222 2449 potest
246 2360 304 2442 (ib.
320 2358 466 2424 rotato
481 2361 558 2446 sq.).
604 2355 727 2436 Quodsi
754 2356 851 2442 igitur
876 2359 1085 2445 cogitationes
1109 2371 1141 2426 et
1162 2362 1272 2450 imagi·

113 2465 260 2528 nationes
283 2463 346 2526 alia
368 2461 463 2526 aliam
490 2461 616 2548 insequi
643 2471 675 2526 ct
697 2459 857 2542 conritari,
886 2485 1042 2549 quaerere
1072 2474 1104 2530 et
1125 2465 1270 2531 invenire

119 2564 240 2652 (ζητεῖν
324 2557 504 2652 εὑρίσκειν)
527 2564 657 2629 omnino
673 2572 816 2650 possunt,
840 2563 872 2628 id
888 2576 1021 2633 naturae
1038 2567 1171 2657 adparet
1192 2589 1271 2652 csse,

118 2677 150 2734 et
170 2679 304 2734 naturae
323 2669 462 2756 quidem
490 2667 586 2732 solius
617 2665 769 2748 hominis,
802 2667 884 2733 sicut
911 2680 1067 2735 enatura
1090 2694 1217 2759 quoque
1239 2670 1273 2736 id

114 2782 180 2855 est,
214 2772 300 2838 unde
327 2795 506 2837 sermonem
537 2793 555 2835 a
582 2768 739 2859 principio
774 2770 929 2836 habemus
963 2773 1022 2854 (ib.
1043 2773 1134 2838 tosa
1154 2775 1174 2839 6
1196 2777 1272 2862 sq.).

113 2875 309 2940 Educatoris
332 2886 454 2957 autem,
483 2874 537 2963 qui
565 2883 713 2938 naturam
740 2885 891 2960 sequatur
919 2876 1121 2962 magistram,
1147 2876 1274 2942 videtur

118 3000 204 3061 esse,
233 2987 269 3043 ut
297 2977 368 3043 illos
390 2977 486 3043 animi
508 2988 612 3042 motus
635 2987 709 3063 apte
737 2988 768 3040 et
791 2979 959 3044 commode
987 2978 1104 3045 ducere
1128 2982 1208 3046 sciat
1231 2990 1275 3045 at

120 3104 181 3168 que
209 3080 360 3166 dirigere.
405 3081 535 3169 Accipit
563 3080 646 3145 enim
678 3079 783 3143 anima
809 3082 960 3163 humana,
995 3105 1078 3169 quae
1110 3085 1209 3149 oculis
1243 3095 1275 3148 et

123 3184 250 3250 auribus
266 3185 295 3248 ei
312 3182 521 3266 adducuntur,
545 3181 697 3249 alimenta
718 3205 779 3247 nec
802 3207 975 3270 puerorum
999 3197 1166 3269 causaest,
1191 3187 1277 3274 quod

123 3287 178 3352 tali
199 3288 293 3353 modo
317 3299 348 3352 et
371 3287 453 3352 vires
476 3299 634 3373 augentur
662 3295 694 3349 et
721 3287 933 3372 cogitationes
964 3296 995 3352 et
1019 3289 1208 3375 cupiditates
1230 3290 1276 3356 in·

123 3401 284 3474 crescunt,
312 3413 394 3478 quae
422 3390 575 3455 instinctu
605 3387 743 3474 quodam
770 3389 811 3454 ad
839 3390 1011 3456 volendum
1034 3402 1066 3454 et
1086 3390 1275 3459 imitandum

120 3494 266 3562 incitant.
301 3493 356 3560 Sic
370 3494 465 3558 facilc
481 3492 641 3557 discimus.
678 3490 750 3569 Qua
766 3490 805 3556 de
821 3514 855 3555 re
870 3493 1002 3558 Noster:
1026 3493 1119 3557 facile
1143 3495 1275 3581 discere,

118 3597 243 3685 inquit,
272 3596 325 3680 (τά
347 3591 534 3680 μανθάνειν
556 3591 695 3684 ῥᾳδίως)
725 3595 871 3660 omnibus
894 3596 1082 3660 naturaliter
1104 3597 1277 3666 iucundum

120 3711 171 3768 est
198 3694 278 3789 (ἦδά
302 3697 404 3790 φάσει
426 3698 529 3768 πᾶσίν
552 3698 652 3781 toan:
686 3710 719 3764 at
748 3721 813 3763 non
841 3697 955 3762 ludunt
983 3699 1036 3786 qui
1065 3700 1203 3767 discunt:
1238 3699 1278 3770 od

120 3803 185 3892 γάρ
214 3801 374 3888 παίζουσι
399 3801 642 3888 μανθάνοντες,
668 3799 751 3886 μετά
781 3795 887 3888 λάπης
914 3800 974 3891 γάρ
1003 3797 1022 3890 ἦ
1044 3799 1196 3890 μάθησις
1217 3809 1277 3890 (of.

121 3909 220 3974 Rhet.
240 3909 304 3992 III,
329 3913 378 3975 10.
403 3910 510 3973 141οὁ
529 3909 568 3972 10
590 3907 661 3972 coll.
676 3907 743 3970 Pol.
761 3905 801 3987 V,
818 3905 849 3970 5.
875 3907 986 3971 1339ο
1005 3907 1045 3971 28
1069 3911 1134 3994 sq.)
1145 3909 1183 3990 ³).
1227 3911 1278 3975 In-

120 4011 264 4078 fantibus
295 4010 526 4101 crepitaculum
555 4010 719 4091 convenit,
744 4008 968 4094 grandioribus
997 4035 1054 4098 pro
1083 4012 1278 4098 crepitaculo

200 4265 219 4330 ¹)
238 4265 278 4318 De
289 4283 364 4319 mem.
378 4274 404 4319 ct
415 4283 477 4321 rem.
491 4267 515 4321 2.
534 4265 610 4321 toan
623 4265 637 4319 7
651 4282 707 4333 sqq.

200 4353 670 4420 ommnmmmnm

200 4441 220 4505 ³)
239 4443 276 4493 cf.
289 4445 474 4512 Platofflhcgg.
487 4445 547 4510 Vll,
559 4444 612 4500 803
624 4459 646 4496 o.
