3154 5252
598 473 804 538 ..21-

119 647 204 714 vitoe
227 647 458 738 prosperitates
483 643 676 729 consistant3
709 667 815 733 neque
838 645 901 711 ulla
924 645 986 710 elia
1010 669 1048 713 ex
1072 672 1187 733 causa,
1214 672 1278 715 non

119 759 183 816 tam
213 750 303 816 fortis
334 751 483 816 fortunae
513 769 610 834 quam
638 769 737 835 penes
767 770 825 812 noe
854 746 975 830 idest,
1005 750 1091 836 quod
1121 751 1278 816 studendo

119 854 363 942 exercendoque
391 849 566 918 exercendi
598 859 630 914 et
651 849 799 916 studendi
827 851 979 939 fructum
988 851 1190 939 percipimus.
1235 855 1279 920 Et

115 957 239 1044 pariter
267 957 304 1021 tit
331 955 418 1044 quod
442 953 480 1019 ad
504 961 647 1018 nostrum
674 976 933 1040 unumquemque
957 965 1053 1042 atque
1077 980 1279 1023 communem

114 1060 231 1126 attinet
265 1058 445 1125 civitatem:
477 1053 515 1124 ui
544 1055 582 1123 δὲ
615 1050 807 1122 σπουδαίαν
834 1047 922 1123 εἶναι
949 1056 1009 1146 τήν
1037 1055 1140 1126 πόλιν
1167 1055 1278 1128 οὐκέτι

111 1155 213 1250 τύχης
246 1157 358 1250 ἔργον,
393 1153 464 1227 ἀλλ’
498 1154 684 1247 ἐπιστήμης
716 1157 772 1224 καὶ
805 1161 1034 1246 προαιρέσεως
1066 1163 1101 1246 (l.
1124 1164 1145 1228 l.
1168 1186 1189 1229 o
1211 1165 1277 1248 31).

112 1263 262 1332 Sciundo
287 1274 319 1330 et
335 1263 470 1330 volendo
486 1286 564 1348 opus
581 1271 629 1328 eet
645 1262 685 1328 ad
701 1263 914 1329 exercendam
930 1266 1095 1330 virtutem:
1117 1265 1278 1350 nimirum,

112 1378 303 1457 optumum,
338 1367 536 1456 quodetiam
561 1377 610 1432 est
633 1367 827 1454 perfectum,
855 1366 915 1432 nisi
943 1377 1074 1455 optumo
1098 1376 1130 1432 et
1153 1391 1276 1434 summo

115 1471 208 1560 quod
244 1481 293 1534 est
321 1471 479 1536 hominum
508 1479 626 1536 natura
652 1468 828 1536 excolendo
856 1493 920 1535 non
949 1470 1073 1558 paritur
1110 1463 1201 1552 (ὥστ’
1225 1467 1277 1558 εἴη

116 1567 160 1640 ἂν
184 1567 206 1660 ἡ
230 1563 426 1656 εὐδαιμονία
449 1569 580 1663 θεωρία
601 1599 660 1653 τις.
694 1573 770 1638 Eth.
788 1573 828 1638 N.
845 1571 923 1653 x‚8
948 1574 1057 1654 extu).
1096 1573 1275 1655 Beatitudo,

118 1678 344 1764 contemplatio
373 1677 546 1765 quaedam,
575 1700 700 1743 summa
729 1675 845 1741 virtute
877 1675 1059 1741 exercende
1086 1675 1275 1742 continetur.

119 1777 178 1846 sic
210 1780 304 1846 finem
331 1781 430 1846 habes
461 1782 553 1848 nobie
583 1783 782 1869 propositum
805 1787 837 1842 et
864 1776 1083 1844 educationem
1111 1789 1274 1868 tamquam

116 1881 202 1947 viam
226 1883 333 1972 quaid
350 1884 436 1972 quod
452 1896 588 1951 naturae
604 1885 694 1950 deest
710 1879 939 1969 progrediundi
957 1882 1137 1971 agendique
1153 1883 1276 1948 ratione

108 1985 218 2072 possit
240 1986 391 2074 suppleri.
