3156 5246
796 411 1000 476 ‚92-

323 582 414 665 inest,
436 593 470 649 at
492 601 556 648 non
578 584 690 649 eodem
715 583 810 648 modo
833 582 1010 669 eodemque
1033 581 1255 650 commovendi
1285 575 1479 669 (κινήσεως)

284 730 289 738 =
323 686 425 770 gradu
447 685 478 748 iu
500 684 665 750 omnibus:
689 689 738 772 aqi
759 685 797 752 dd
819 673 917 772 ἧττον
936 684 1098 773 διαφέρει
1119 686 1176 752 καὶ
1196 689 1241 774 τῷ
1261 685 1390 768 μᾶλλον
1424 685 1481 767 (cf.
1540 707 1541 742 t

322 787 343 852 l.
359 787 381 852 l.
401 787 509 852 1341a
527 789 655 870 1-15).
688 789 823 856 Puerilis
846 790 970 855 animus
991 811 1055 854 uon
1078 787 1140 854 nisi
1157 789 1290 853 honeste
1311 788 1482 854 adficiatur
1540 791 1541 848 t

325 897 490 976 oporteret
520 911 639 976 neque,
662 902 698 955 ut
719 893 804 957 hunc
825 892 857 956 in
881 890 1009 956 modum
1032 893 1083 956 vel
1106 891 1216 956 dolore
1239 899 1482 956 commoveatur
1540 851 1541 932 i

324 993 376 1058 vel
399 992 577 1079 voluptate,
600 992 661 1056 nisi
683 994 825 1058 honestis
847 993 943 1059 rebus
964 993 997 1058 in
1021 993 1211 1059 educatione
1233 993 1389 1059 utendum
1413 1014 1483 1058 esse

324 1095 382 1177 (ib.
401 1095 482 1158 1342
494 1093 578 1160 ate:
601 1092 686 1181 πρὸς
696 1095 736 1164 δὲ
745 1093 906 1162 παιδείαν
921 1143 947 1158 ..
964 1097 1033 1172 τοῖς
1048 1089 1184 1182 ἠθικοῖς
1198 1099 1264 1161 τῶν
1277 1094 1390 1178 μελῶν
1404 1117 1480 1178 χρη-

324 1195 419 1264 στέον
436 1195 492 1262 καὶ
505 1201 577 1274 ταῖς
592 1192 769 1284 ἁρμονίαις
782 1201 857 1277 ταῖς
870 1193 1055 1276 τοιαύταις.
1076 1194 1215 1284 τοιαύτη
1230 1193 1263 1264 d’
1279 1191 1298 1285 ἦ
1316 1193 1480 1284 δωριστί),

324 1323 397 1364 nam
420 1299 480 1366 nisi
502 1322 543 1364 ex
565 1301 706 1366 honestis
730 1303 874 1384 honesta,
897 1301 1012 1388 quibus
1029 1312 1062 1366 et
1076 1303 1184 1389 pueris
1207 1310 1239 1365 et
1259 1313 1335 1366 natu
1358 1300 1480 1366 maiori·
1541 1339 1542 1346 ο

324 1402 383 1468 bus
405 1413 594 1468 ornamenta
614 1403 693 1467 fiant
715 1414 747 1468 et
769 1401 902 1467 decores
924 1397 1091 1485 (κόσμος),
1121 1404 1276 1470 exsistere
1297 1425 1363 1471 non
1387 1425 1477 1490 posse

325 1505 384 1587 (ib.
402 1530 428 1570 c.
446 1507 464 1572 7
481 1530 507 1572 s.
522 1507 572 1585 fi).
617 1505 704 1570 Fieri
727 1506 811 1570 enim
833 1527 914 1594 opus
941 1527 1012 1570 esse
1035 1517 1070 1572 ut
1092 1506 1132 1572 ad
1155 1507 1290 1571 virtutes
1313 1505 1478 1592 perficiun-

325 1607 383 1672 das
409 1608 507 1674 animi
534 1607 656 1672 laetitia
683 1619 780 1694 atque
808 1608 902 1673 elatio
931 1607 971 1672 ab
1000 1610 1069 1676 eius
1092 1609 1170 1674 artis
1193 1607 1363 1694 disciplina
1387 1607 1476 1694 porri·

325 1720 437 1794 gutur,
462 1709 552 1774 cuius
574 1719 708 1774 naturae
730 1731 879 1778 mensura
902 1712 943 1776 sit
965 1723 997 1778 et
1019 1710 1243 1793 consonantia,
1271 1709 1476 1796 congruentia

325 1820 358 1876 et
380 1831 533 1876 uumerus
555 1810 611 1892 (of.
627 1833 655 1875 c.
672 1813 692 1874 5
712 1815 820 1894 extr.).
862 1813 954 1880 Haeo
982 1814 1069 1880 satis.
1113 1815 1210 1880 Patet
1231 1813 1317 1878 cuim
1338 1811 1373 1876 id
1399 1809 1473 1898 quod

326 1911 532 1999 perspicuum
546 1913 639 1977 nobis
658 1913 717 1980 fiat
739 1916 807 1979 vult
821 1917 1022 1999 Aristoteles,
1046 1939 1119 1982 cum
1135 1918 1167 1980 in
1183 1916 1270 1982 omni
1292 1913 1473 1980 educatione

326 2013 588 2097 attenuatione,
610 2025 678 2081 tum
697 2017 729 2080 iu
746 2018 886 2083 musicae
908 2017 1054 2084 doctriua
1076 2015 1297 2101 (διδασκαλία
1317 2019 1380 2104 tric
1402 2037 1465 2096 μοι

325 2119 435 2205 οιιῆς)
457 2115 538 2184 fines
560 2117 777 2205 terminosque
804 2117 934 2209 (ὅρους,
956 2117 1121 2203 σκοπούς)
1150 2119 1394 2188 constituendos
1416 2137 1466 2182 esse

325 2221 384 2286 hos
410 2229 475 2284 tres
503 2220 558 2303 (cf.
578 2223 598 2301 ξ
618 2221 637 2282 8
660 2223 773 2303 extr.):
799 2219 839 2290 τό
864 2247 901 2290 ιι
922 2224 1025 2305 μέσον
1047 2223 1105 2290 καὶ
1129 2221 1168 2290 τὸ
1191 2219 1333 2289 δυνατὸν
1360 2219 1419 2290 καὶ
1440 2216 1470 2284 αὶ

325 2322 476 2411 moderor:
509 2322 595 2409 quod
624 2323 763 2388 medium
798 2338 861 2409 est,
896 2326 982 2413 quod
1010 2327 1080 2392 fieri
1109 2338 1232 2412 potest,
1268 2327 1357 2414 quod
1391 2326 1471 2390 decet

325 2427 362 2509 (l.
377 2427 397 2491 L
414 2449 441 2492 e.
458 2427 475 2490 7
492 2427 602 2508 exta).
628 2459 664 2474 -ι
689 2425 781 2490 Haec
804 2429 901 2514 igitur
924 2427 963 2492 de
985 2428 1118 2495 musica.
1144 2465 1179 2478 -«
1539 2399 1542 2600 4

410 2633 462 2701 46.
488 2636 558 2700 Iam
579 2635 655 2702 inde
675 2636 821 2724 aquiuto
844 2659 946 2723 usquc
968 2636 1009 2702 ad
1035 2637 1206 2724 septimum
1228 2639 1340 2703 aetatis
1360 2659 1464 2702 aunum

277 2817 279 2822 ,
326 2737 417 2825 pueri
440 2737 500 2804 etsi
522 2762 586 2804 non
608 2740 782 2828 participes
805 2749 961 2806 attamen
983 2750 1181 2827 spectatores
1207 2740 1277 2806 fieri
1298 2740 1405 2804 debent
1424 2735 1461 2800 di·

326 2840 435 2906 scendi
458 2842 707 2929 instituendique
726 2844 765 2924 (ξ
783 2843 820 2906 18
837 2852 868 2907 et
884 2843 950 2924 19).
969 2876 1006 2888 -
1027 2841 1114 2906 Hine
1137 2844 1218 2908 siout
1232 2865 1275 2908 ex
1291 2841 1461 2908 fabellarum

325 2941 615 3031 miraculorumque
637 2944 821 3008 narratione
844 2967 908 3031 quo
930 2944 1130 3008 delectantur
1150 2947 1187 3027 (ξ
1210 2946 1275 3027 18),
1300 2967 1341 3010 ex
1359 2938 1468 3008 laetitia

327 3044 445 3110 deinde
474 3068 556 3132 quae
584 3057 633 3109 est
655 3045 835 3127 simulacra,
858 3046 984 3112 tabulas
1002 3048 1103 3134 pietas
1127 3048 1316 3135 coloresque
1339 3053 1469 3134 spectau-

326 3148 411 3216 tibus
434 3150 471 3231 (ξ
488 3149 554 3230 13),
577 3171 618 3212 cx
641 3169 679 3212 eo
702 3148 840 3235 denique
863 3149 948 3235 quod
972 3149 1012 3212 ad
1035 3149 1182 3214 imitandi
1201 3150 1342 3236 pertinet
1364 3143 1471 3236 cupidi·

326 3262 441 3318 tatem:
471 3275 512 3318 ex
533 3249 680 3316 omuibus
702 3250 751 3315 his
773 3251 883 3333 rebus,
904 3252 1050 3338 inquam,
1079 3275 1099 3316 a
1120 3262 1235 3316 natura
1257 3253 1350 3340 quasi
1372 3269 1473 3316 ansam

327 3355 397 3422 dari
420 3354 556 3442 adparet
578 3352 618 3416 ad
640 3352 866 3418 instituendam
892 3353 1135 3438 grammaticam
1164 3364 1196 3419 et
1220 3355 1422 3442 graphieam,
1446 3359 1475 3415 ut
1542 3379 1543 3408 t

328 3458 457 3524 Graece
480 3455 639 3537 dicuutur,
660 3454 863 3541 disciplinam
874 3455 911 3538 ι).
948 3456 1117 3538 Nimirum,
1140 3457 1215 3522 iude
1238 3479 1279 3521 ex
1301 3477 1413 3521 rerum
1432 3452 1475 3518 ad

327 3570 438 3648 spectu
462 3559 503 3624 ad
526 3558 693 3624 scientiam
714 3557 770 3622 fist
796 3580 995 3645 progressus.
1039 3561 1085 3623 At
1106 3579 1159 3622 res
1181 3559 1257 3624 satis
1279 3579 1298 3621 a
1319 3555 1474 3645 principiis
1542 3551 1543 3598 Τ

327 3671 466 3731 constat:
497 3661 644 3748 quamvis
673 3661 714 3724 ob
736 3659 947 3742 brevitatem,
973 3681 1037 3746 qua
1059 3659 1250 3726 Aristoteles
1271 3660 1358 3743 (Pol.
1383 3660 1424 3742 V,
1463 3657 1474 3737 )

327 3767 397 3832 illas
413 3762 598 3851 disciplinas
617 3763 707 3849 quasi
722 3761 956 3848 praetereundo
969 3773 1094 3830 tantum
1110 3763 1381 3845 commemoravit,
1401 3760 1476 3851 peut

327 3869 393 3934 lum
409 3877 464 3933 aut
486 3886 587 3954 prope
608 3865 688 3930 nihil
709 3864 802 3930 huius
819 3865 905 3930 modi
927 3865 1077 3931 traditum
1099 3865 1271 3952 verbisque
1293 3883 1475 3951 expressum

328 3971 458 4036 habeas.
496 3968 563 4035 Sed
583 3967 652 4032 aliis
670 3966 759 4047 locis,
782 3966 845 4032 iam
864 3977 937 4032 aute
956 3968 1090 4050 cedatis,
1114 3989 1264 4033 essenon
1281 3977 1406 4034 tantum
1420 3964 1476 4032 imi-

328 4072 417 4139 tandi
429 4071 602 4158 accipimus
614 4079 646 4134 et
656 4069 822 4156 spectandi
833 4091 943 4134 verum
957 4070 1052 4136 etiam
1069 4070 1212 4137 discendi
1225 4079 1258 4136 et
1269 4062 1476 4157 cognoscendi
1542 4061 1543 4150 i

328 4175 526 4262 voluptatem
547 4197 584 4240 ac
600 4171 763 4252 laetitiam,
787 4193 865 4258 quas
881 4171 975 4238 animi
996 4173 1125 4240 humani
1141 4183 1174 4238 et
1189 4173 1327 4260 pueriles
1343 4171 1475 4239 maxime

403 4492 421 4556 ¹)
440 4491 496 4543 Pol.
510 4487 555 4554 1v4
570 4485 601 4542 lt
616 4490 698 4557 (supr.
711 4489 792 4556 coli).
