3156 5246
596 427 804 493 -53..

115 603 244 670 illorum
265 601 438 684 reminisci,
461 599 667 667 educaturum
694 607 726 664 et
752 605 922 688 parentum
934 596 974 681 ¹),
1005 599 1059 688 qui
1082 603 1223 688 speciem
1247 613 1279 670 et

114 708 253 774 sormam
282 704 457 771 honestatis
486 728 558 769 cum
586 702 777 790 praebeant,
812 701 965 766 virtutum
993 703 1085 789 quasi
1119 705 1275 792 igniculos

115 809 231 898 puerili
253 808 358 877 animo
381 807 514 873 iniciunt
536 815 633 894 atque
648 804 834 871 incendunt.
853 841 889 850 —
909 802 953 867 Elt
969 804 1029 868 hac
1051 805 1084 872 in
1106 830 1142 872 re
1164 832 1276 875 norma

114 911 267 1002 adparuit
289 922 321 975 et
343 931 494 977 mensura
516 907 640 994 (κανών
660 907 716 975 καὶ
733 905 869 995 μέτρον)
893 905 943 970 vir
964 908 1084 994 probus
1107 910 1192 976 etin
1215 913 1276 977 vir-

113 1017 237 1083 tutibus
260 1013 449 1081 exercendis
465 1014 519 1101 qui
538 1024 586 1079 est
601 1022 749 1078 strenuus
773 1005 808 1093 (d
825 1011 1036 1094 σπουδαῖος).
1071 1011 1157 1092 Quid
1174 1013 1278 1100 ergo?

113 1142 223 1190 nonne
244 1121 277 1184 in
300 1116 434 1204 singulis
456 1117 552 1182 rebus
575 1138 749 1203 earumque
780 1137 953 1202 progressu
981 1113 1066 1180 idem
1097 1117 1217 1182 valebit
1239 1140 1278 1182 ea

114 1222 271 1303 conditio,
301 1243 358 1285 cur
385 1219 438 1285 ille
463 1219 517 1308 qui
539 1218 650 1285 virtuti
674 1217 782 1289 studet
810 1215 970 1282 studiosus
994 1241 1032 1282 ac
1054 1226 1201 1284 strenuus
1224 1219 1278 1284 ad-

114 1328 266 1415 pellatur,
295 1323 340 1388 ita
363 1321 508 1410 quidem,
537 1330 572 1387 ut
595 1345 668 1386 cum
691 1319 864 1385 Aristotele
887 1318 1030 1385 dicamus
1054 1321 1090 1404 (l.
1112 1322 1134 1385 l.
1160 1323 1240 1387 1176
1256 1344 1277 1387 a

117 1430 155 1495 17
168 1433 246 1516 sq.):
264 1423 353 1494 dom
368 1419 508 1492 ἑκάστου
522 1422 643 1511 μέτρον
657 1415 678 1512 ἢ
695 1416 795 1510 ἀρετὴ
811 1419 868 1488 καὶ
883 1415 902 1488 ὁ
918 1415 1060 1507 ἀγαθός,
1074 1410 1099 1512 ᾗ
1112 1425 1274 1504 τοιοῦτος,

114 1541 151 1598 ut
173 1530 265 1598 unius
283 1532 437 1617 cuiusque
451 1527 498 1593 rei
514 1548 664 1594 mensura
681 1526 722 1591 sit
740 1523 841 1590 virtus
866 1535 898 1590 et
920 1525 970 1590 vir
992 1526 1106 1608 bonus,
1130 1549 1194 1614 qua
1210 1528 1276 1616 qui·

116 1632 191 1698 dem
213 1633 283 1699 talia
306 1632 407 1714 sit')‘?
436 1671 472 1680 -
504 1630 585 1698 Inde
616 1629 715 1694 habes
740 1651 802 1716 quo
826 1651 844 1692 a
867 1627 1024 1715 principio
1047 1629 1164 1716 agendi
1187 1652 1276 1694 exer-

117 1733 272 1822 cendique
294 1758 485 1822 progressus
507 1733 652 1800 metiore.
698 1731 817 1795 Forma
846 1754 927 1818 quae
951 1731 1080 1796 omnino
1103 1731 1275 1797 efficienda

116 1847 174 1918 est,
194 1837 296 1924 pulcri
318 1839 424 1926 gratia
447 1837 584 1904 efficitur
612 1836 688 1920 (τοῦ
714 1831 818 1900 καλοῦ
841 1829 948 1902 ἕνεκα·
972 1836 1071 1902 τοῦτο
1094 1832 1156 1923 γὰρ
1177 1835 1274 1915 τέλος

115 1941 173 2026 τῆς
192 1934 320 2030 ἀρετῆς.
353 1941 401 2006 11).
419 1942 482 2024 111,
503 1943 553 2007 10.
579 1939 686 2006 11151
702 1937 806 2020 14)⁸).
832 1975 868 1986 -—
895 1940 1009 2026 Itaque
1031 1938 1063 2003 in
1088 1960 1127 2003 ea
1149 1939 1274 2005 actione

111 2037 293 2130 (ἐνέργεια)
321 2067 403 2132 quae
430 2043 558 2110 moralis
586 2050 648 2124 est,
677 2039 796 2105 virtute
824 2040 915 2128 quasi
937 2041 1074 2127 gradum
1098 2040 1273 2129 significari

106 2144 251 2227 videbis,
284 2145 371 2210 unde
398 2156 562 2235 tamquam
588 2145 620 2208 vi
648 2143 794 2232 perfecte
820 2142 967 2208 instructi
997 2165 1093 2228 porro
1121 2144 1273 2233 progredi

104 2269 282 2335 possumus
306 2246 402 2312 adid
425 2248 510 2336 quod
538 2247 640 2334 magis
664 2245 831 2333 magisque
861 2255 893 2309 et
919 2245 1066 2333 pulcrum
1096 2256 1144 2312 est
1167 2257 1199 2312 et
1220 2247 1273 2313 bo·

104 2373 198 2416 num.
224 2387 261 2397 -
293 2348 416 2429 Quodsi
438 2373 479 2416 ex
510 2351 558 2416 his
585 2351 681 2416 rebus
710 2349 787 2414 satis
815 2347 900 2413 clare
929 2346 1079 2435 adparet,
1107 2349 1185 2439 quid
1212 2349 1272 2417 sibi

105 2451 211 2518 velint
233 2454 332 2518 verba
353 2452 409 2517 illa
425 2452 466 2517 ad
481 2452 643 2517 notionem
663 2446 852 2519 σπουδαίου
868 2450 1084 2518 definiendam
1106 2463 1271 2542 usurpata,

108 2577 172 2620 non
201 2554 305 2621 minus
332 2555 481 2622 lubenter
509 2554 615 2620 locum
645 2555 873 2644 conprobabis,
902 2577 998 2642 quem
1025 2556 1134 2623 virtuti
1157 2557 1272 2623 morali

52 2710 60 2724 .
108 2657 141 2722 in
163 2656 224 2722 bac
240 2656 455 2744 disputatione
471 2665 546 2745 apte
561 2659 738 2725 tenendum
754 2657 931 2724 concedere
946 2667 1083 2746 oportet.
1102 2697 1137 2706 -
1155 2649 1271 2726 Restat
1309 2646 1311 2652 ’

106 2758 220 2846 igitur,
248 2769 285 2825 ut
305 2761 390 2826 hanc
416 2760 579 2825 notionem
604 2761 778 2828 Aristotele
806 2760 886 2828 duce
914 2785 955 2828 ex
988 2761 1152 2851 proposito
1178 2761 1269 2828 brevi
1344 2757 1346 2764 ’

106 2862 271 2929 illustrare
293 2887 446 2932 conemur
454 2862 492 2946 ⁴).
518 2900 554 2910 -
1246 2885 1254 2897 ·

193 3069 244 3136 29.
267 3067 364 3135 Haud
380 3068 526 3156 ignotum
542 3077 591 3134 est
607 3069 692 3158 quod
716 3069 874 3160 praecipit
888 3070 1079 3138 Aristoteles
1102 3069 1142 3137 de
1164 3073 1269 3137 forma

104 3171 251 3238 virtutis:
287 3171 347 3237 Est
368 3170 480 3258 igitur,
508 3173 628 3261 inquit,
657 3175 758 3241 virtus
781 3169 817 3264 (ἦ
841 3169 959 3263 ἀρετή)
980 3175 1109 3240 habitus
1132 3174 1172 3238 ad
1196 3197 1268 3239 con·

103 3274 211 3340 silium
234 3273 427 3362 capiundum
457 3275 786 3368 deliberationemque
814 3289 965 3368 spectans
997 3273 1082 3360 (ἓξις
1108 3299 1268 3364 προαιρε-

103 3371 214 3466 τική),
245 3376 355 3465 quiin
378 3398 416 3440 ea
438 3399 521 3466 quae
543 3380 584 3444 ad
607 3403 665 3448 nos
689 3392 886 3469 conparatur
903 3379 1123 3444 mediocritate
1146 3379 1268 3465 positus

106 3480 158 3566 (tv
180 3473 338 3567 μεσότητι
359 3471 444 3547 οὖσα
470 3483 512 3570 τῇ
535 3481 622 3571 πρὸς
649 3476 771 3570 ἡμᾶς),
800 3486 924 3550 ratione
953 3482 1101 3550 definitus
1128 3491 1191 3565 est,
1220 3481 1267 3548 uti

105 3585 236 3675 quidem
259 3585 308 3650 vir
331 3581 472 3671 prudens
502 3585 661 3652 definierit
694 3579 875 3674 (ὡρισμένη
907 3582 996 3675 λόγῳ
1024 3584 1080 3652 καὶ
1106 3577 1152 3663 ὥς
1179 3577 1220 3651 ἂν
1247 3578 1266 3652 d

105 3683 271 3780 φρόνιμος
294 3680 449 3776 deicerer.
486 3687 561 3753 1111.
585 3689 627 3755 N.
644 3690 689 3772 II,
706 3691 726 3754 6
746 3690 817 3774 in).
838 3726 882 3737 —
911 3688 1090 3757 Occasione
1113 3688 1200 3770 duta,
1223 3689 1264 3753 ad

103 3795 240 3860 verbum
261 3790 392 3880 quidem
414 3800 564 3856 accurate
585 3800 693 3859 tamen
715 3791 930 3858 transferendi
949 3792 1171 3859 difficultatem
1193 3791 1266 3858 lice·

102 3897 151 3963 bit
175 3913 440 3977 commemorare,
472 3911 555 3981 quae
578 3894 619 3959 ed
640 3896 723 3960 hanc
745 3893 963 3961 definitionem
985 3895 1066 3962 adeo
1088 3896 1264 3985 perspicua

102 4000 268 4082 videatur,
297 4007 333 4063 ut
362 4019 493 4088 prorsus
520 3997 575 4063 vix
603 3998 655 4064 vel
682 3997 770 4064 nullo
797 4007 892 4090 pacto
920 3997 1064 4087 superari
1087 4008 1194 4090 queat.
1221 4037 1265 4051 --

143 4303 145 4306 -
177 4269 196 4337 ¹)
214 4268 253 4322 cr.
268 4267 337 4332 sas.

177 4358 197 4424 r)
217 4355 286 4410 ms.
305 4358 341 4408 sn.

177 4445 283 4512 econ.
295 4445 312 4496 1.
326 4445 344 4496 ι.
357 4444 403 4511 1v,
416 4444 441 4499 4.
462 4444 552 4501 neno
567 4447 592 4502 e.

174 4534 197 4604 ⁴)
215 4534 254 4588 Of·
267 4533 297 4598 11
310 4533 345 4593 20
357 4551 396 4606 sq.
