3156 5246
800 423 1008 486 -82..

330 595 424 658 etiam
439 593 589 663 breviter
612 591 750 678 quodam
775 593 868 658 modo
893 595 1076 662 Aristotelis
1100 594 1269 660 exanimo
1294 615 1485 682 expressum

329 696 430 762 videri
458 693 599 782 potuerit
621 695 681 758 hoc
703 693 853 760 Schilleri
875 696 992 777 nostri,
1020 721 1093 762 cum
1115 696 1278 762 hominem
1306 697 1393 762 dicat
1421 721 1486 762 non

331 821 400 863 esee
422 797 596 878 ludentem,
624 796 683 860 nisi
706 797 760 862 ubi
783 820 859 866 vere
881 797 923 862 sit
945 799 1087 880 homc¹).
1125 793 1211 866 ‘Der
1233 799 1367 866 Mensch
1391 799 1487 887 spielt

329 924 400 982 nur,
425 923 473 964 wo
496 921 532 964 cr
552 899 584 963 in
608 899 710 962 voller
731 898 926 985 Bedeutung'
948 900 1003 966 des
1027 900 1159 965 Wcrtes
1180 901 1316 966 Mensch
1338 901 1396 982 ist,
1419 901 1486 966 und

329 1026 364 1068 er
384 1005 428 1068 ist
449 1025 510 1068 nur
531 1000 572 1064 da
593 1023 678 1085 gano
701 1000 847 1083 Mensch,
871 1025 920 1067 wc
937 1026 973 1068 er
993 997 1106 1089 spielt?
1141 1003 1273 1070 Poetice
1296 1025 1486 1090 expressum

331 1117 394 1187 est,
422 1105 454 1168 id
476 1103 561 1190 quod
583 1104 625 1168 ad
647 1103 744 1168 animi
767 1104 896 1186 humani
926 1105 1083 1170 culturam
1109 1115 1234 1190 spectet
1256 1117 1288 1170 et
1310 1105 1352 1173 ad
1375 1127 1487 1170 veram

326 1218 464 1274 *naturae
487 1216 616 1270 nostrae
635 1205 830 1286 libertatem,
860 1228 925 1292 qua
953 1229 1113 1272 summum
1141 1207 1280 1294 aliquid,
1311 1208 1433 1274 bonum
1456 1217 1487 1272 et

330 1311 485 1398 pulcrum,
508 1307 654 1394 quamvis
676 1307 760 1371 serio
782 1320 906 1394 agatur,
929 1307 1021 1394 quasi
1036 1307 1183 1374 ludentes
1202 1307 1398 1396 cogitatione
1414 1310 1486 1374 hau·

332 1415 462 1478 riamue.
507 1409 594 1475 Sanc
624 1407 779 1491 ludendo,
810 1409 881 1496 quis
907 1433 971 1476 non
999 1411 1170 1492 concedat,
1198 1433 1305 1498 neque
1333 1409 1484 1476 virtutem

331 1515 486 1580 contineri
507 1533 613 1598 neque
635 1511 902 1597 intellegentiam:
931 1523 965 1577 at
986 1514 1084 1578 nihilo
1109 1513 1214 1578 minus
1237 1523 1360 1578 certum
1384 1521 1484 1577 estet

331 1615 485 1684 memoria
506 1623 645 1694 constat,
672 1614 780 1678 servili
803 1616 907 1680 auimo
930 1625 1028 1701 atquc
1050 1638 1203 1702 oppresse
1227 1636 1288 1680 nee
1309 1615 1431 1680 bonurn
1454 1615 1481 1678 in

330 1719 507 1784 actionibus
529 1717 757 1808 necspulcrum
778 1717 811 1780 in
831 1717 952 1781 artibus
974 1741 1036 1782 nec
1056 1718 1195 1804 denique
1210 1705 1324 1784 verum
1336 1717 1369 1782 in
1387 1718 1482 1782 scien·

278 1821 280 1826 ’
330 1823 381 1886 tiis
397 1841 548 1906 umquam
565 1817 763 1903 adparuisse.
782 1857 818 1866 -
836 1819 922 1882 Hinc
945 1819 985 1883 ad
1004 1819 1101 1884 finem
1124 1819 1217 1885 huius
1239 1842 1370 1907 quoque
1388 1821 1481 1908 partis

331 1922 451 1988 accedo
474 1943 533 1984 nec
555 1920 659 1984 habeo
681 1920 782 1984 multa
805 1943 887 2006 quae
909 1921 1028 1986 addere
1051 1921 1156 1987 velim.
1179 1961 1219 1974 -

415 2127 466 2191 42.
491 2125 598 2189 Verba
613 2124 718 2188 verbis
730 2126 793 2192 iam
808 2147 893 2190 ncnc
906 2124 1042 2194 laudatis
1058 2125 1152 2208 (Met
1169 2125 1249 2208 ΧΠ,
1262 2129 1296 2210 l)
1314 2127 1475 2193 adnectere

332 2229 491 2297 convenit.
525 2229 578 2292 De
595 2226 701 2292 divino
718 2226 884 2291 intellectu
900 2226 1016 2312 agitur,
1035 2227 1137 2312 primo
1154 2239 1186 2294 et
1202 2253 1327 2296 summo
1343 2231 1477 2295 omnium

332 2357 453 2411 rernm,
478 2340 708 2396 commotarum
731 2338 763 2392 et
786 2329 1070 2411 commoventium,
1094 2342 1233 2412 motore,
1256 2331 1341 2396 unde
1364 2333 1477 2397 Ariste
1546 2403 1547 2406 Ἴ

331 2438 410 2516 telos
434 2436 475 2500 ad
498 2433 670 2497 humanam
692 2430 786 2495 simul
810 2441 956 2496 naturam
974 2447 1005 2496 et
1021 2433 1235 2504 conditionem
1255 2433 1387 2519 respicit
1408 2435 1442 2516 (l.
1455 2433 1475 2497 l.

335 2539 440 2604 1072b
459 2535 499 2600 14
513 2536 615 2621 sqq.):
639 2532 786 2618 διαγωγὴ
811 2527 843 2600 d’
868 2531 957 2600 ἐστὶν
980 2533 1036 2600 oi'c
1056 2529 1075 2622 ἡ
1093 2529 1210 2620 ἀρίστη
1228 2534 1349 2622 μικρὸν
1367 2532 1473 2619 χρόνον
1545 2621 1546 2624 ¹

331 2636 422 2728 ἡμῖν·
448 2634 533 2704 οὕτω
555 2635 616 2721 γὰρ
639 2630 694 2702 ἀεὶ
714 2632 819 2702 ἐκεῖνό
843 2635 945 2702 ἐστιν·
970 2631 1047 2724 ἡμῖν
1060 2636 1120 2718 μὲν
1135 2635 1196 2722 γὰρ
1212 2631 1382 2716 ἀδύνατον,
1400 2635 1471 2703 ἐπεὶ

230 2777 233 2782 ·
332 2741 388 2808 καὶ
409 2736 429 2829 ἡ
453 2735 558 2828 ἡδονὴ
582 2738 727 2824 ἐνέργεια
749 2734 882 2804 τούτου·
906 2737 961 2804 καὶ
977 2737 1035 2804 daci
1057 2743 1156 2806 τοῦτο
1173 2740 1299 2806 ...καὶ
1317 2734 1466 2826 palaciolo
1545 2769 1546 2860 q

331 2844 370 2912 ad
393 2841 529 2930 ἥδιστον
551 2842 607 2907 καὶ
629 2834 778 2925 ἄριστον·
801 2837 832 2906 εἰ
852 2833 912 2908 οὖν
928 2837 1032 2920 οὕτως
1049 2833 1086 2908 εὖ
1100 2840 1173 2923 ἔχει,
1197 2836 1243 2920 ὡς
1264 2837 1353 2929 ἡμεῖς
1373 2837 1465 2907 ποτέ·

335 2942 363 3014 δ’
381 2945 466 3024 θεὸς
490 2941 561 3011 ἀεί·
593 2940 807 3025 θαυμαστόν·
840 2941 870 3010 εἰ
898 2945 936 3010 δὲ
962 2946 1089 3026 μᾶλλον
1115 2941 1164 3010 ἔτι
1195 2939 1471 3028 θαυμασιώτερον.
1544 2937 1545 2940 '

335 3050 456 3116 Locum
488 3050 549 3114 hoc
577 3051 705 3112 contero
734 3047 933 3114 notissimum
960 3061 996 3114 et
1018 3048 1102 3135 apud
1129 3048 1239 3114 doctos
1261 3049 1404 3114 homines
1429 3044 1475 3108 vel

332 3150 591 3217 illustrissimum.
610 3187 646 3196 -
671 3151 780 3235 Atque
803 3160 957 3236 quantum
980 3150 1108 3236 quidem
1132 3150 1173 3215 ad
1195 3153 1394 3237 propositum
1415 3146 1476 3213 atti-

334 3264 425 3336 neat,
458 3254 556 3338 plana
584 3261 632 3317 eat
663 3249 822 3316 sententia
848 3273 908 3315 nec
937 3253 1034 3338 longa
1060 3276 1139 3338 opus
1168 3255 1228 3318 erit
1259 3252 1475 3339 disputatione.
1543 3317 1544 3324 χ

334 3355 487 3424 Summus
517 3356 571 3420 ille
600 3365 633 3418 et
653 3352 781 3419 divinus
810 3353 992 3420 intellectus
1014 3376 1051 3418 ea
1073 3365 1229 3441 perpetuo
1251 3356 1366 3422 fruitur
1389 3350 1479 3420 beati·
1543 3329 1544 3365 ¹

333 3459 462 3540 tudine,
490 3479 572 3546 quae
599 3455 692 3521 nobis
721 3454 849 3544 quidem
876 3477 949 3519 raro
972 3466 1094 3521 tantum
1122 3480 1183 3522 nee
1204 3458 1265 3522 nisi
1287 3453 1477 3544 aliquamdiu

331 3562 499 3646 obtingere
521 3570 635 3647 potest,
660 3556 778 3644 quippe
801 3555 856 3643 qui
879 3556 1022 3621 hcinines
1045 3557 1142 3624 simus
1157 3584 1217 3626 nec
1239 3571 1397 3646 perpetuo
1419 3579 1479 3645 pcc

331 3665 430 3730 simus
453 3663 485 3728 in
508 3671 581 3727 actu
604 3683 683 3726 ease.
729 3661 781 3724 Ex
809 3659 921 3723 eadem
948 3660 1014 3724 fere
1037 3662 1160 3726 ratione
1184 3661 1223 3726 de
1244 3663 1412 3748 voluptate
1433 3659 1479 3724 illa

330 3778 363 3832 et
385 3765 597 3833 delectatione
619 3761 824 3829 iudicandum
847 3771 912 3840 est,
936 3785 1048 3848 quam,
1071 3785 1144 3826 oum
1166 3761 1208 3826 sit
1229 3764 1391 3830 actionum
1416 3783 1478 3828 ccu-

331 3868 500 3934 summatio
522 3891 560 3932 ac
581 3865 736 3953 perfectio
765 3862 851 3945 (coll.
871 3863 946 3926 En.
967 3864 1010 3928 N.
1032 3864 1109 3944 VII,
1134 3864 1179 3928 13.
1204 3866 1314 3930 1153c
1332 3867 1404 3948 14),
1431 3861 1478 3928 ille

333 3970 461 4056 quidem
494 3992 620 4056 semper
653 3968 780 4031 videtur
810 3989 847 4030 ac
875 3965 1080 4051 singulariter
1106 3966 1287 4053 percipere,
1314 3989 1373 4033 nce
1403 3964 1476 4030 adeo
1540 3965 1541 3978 ¹

332 4071 459 4138 demum
483 4095 520 4136 ac
540 4081 665 4136 tantum
688 4078 841 4155 quantum
863 4077 992 4132 nostrae
1014 4078 1148 4134 naturae
1164 4081 1195 4132 et
1211 4069 1295 4134 vitae
1318 4068 1476 4156 proprium

330 4173 380 4239 sit.
426 4174 552 4262 [Neque
585 4168 670 4236 aliud
703 4170 771 4234 fere
803 4168 998 4234 Themistiua
1031 4169 1129 4234 habet
1162 4179 1194 4233 et
1223 4167 1475 4255 Aphrodisienair

330 4277 530 4356 Alexander,
569 4273 651 4360 apti,
688 4281 723 4336 ut
757 4272 920 4349 videntur,
953 4271 1085 4337 huiusce
1117 4271 1164 4335 rei
1199 4281 1474 4338 commentatores:

329 4431 527 4442 ——-

400 4503 416 4562 ¹)
436 4501 476 4552 ct.
490 4497 610 4561 Schiller,
631 4496 719 4576 Aesth.
732 4497 790 4548 urz.
804 4495 828 4546 d.
841 4497 959 4550 Mecsch.
973 4498 1015 4550 ar.
1029 4499 1085 4548 XV.
1104 4497 1219 4560 (Wcrke,
1231 4499 1303 4561 ΧΠ.)
