3156 5246
796 417 1001 482 ...80-

320 589 451 658 ludendi
473 597 596 654 tantum
619 586 809 673 iocandi‘que
825 609 928 651 *eausa
950 585 1048 652 vitem
1072 607 1130 652 nos
1153 585 1272 674 degere
1295 585 1402 666 sentit,
1428 608 1482 650 ne

323 717 385 780 que
409 692 503 758 modo
526 689 590 756 otio
613 713 691 777 opus
714 711 794 771 esse,
817 687 903 776 quod
924 685 1106 754 necessario
1129 688 1291 754 interdum
1313 688 1410 756 animi
1432 711 1482 752 re·

321 795 429 860 missio
446 794 498 858 vel
514 794 670 859 recreatio
685 793 878 879 requiratur,
901 811 1014 854 verum
1029 789 1124 854 etiam
1139 773 1258 856 idcirco
1278 790 1483 879 potissimum

323 897 409 984 quod
432 919 490 982 pro
512 906 628 960 natura
657 919 694 958 ec
721 905 813 983 parte
840 903 985 960 nostrum
1014 896 1147 982 cuique,
1184 917 1262 958 cura
1289 904 1322 958 et
1349 893 1484 980 negotio

323 998 463 1077 vacanti,
485 1020 523 1062 ee
538 997 730 1083 praebeatur
745 997 872 1083 requies
889 997 1052 1085 animique
1070 995 1293 1082 tranquillitas,
1311 1019 1375 1084 qua
1389 1017 1484 1060 mens

323 1123 364 1166 ex
387 1124 445 1166 sua
470 1099 600 1187 propria
626 1110 893 1186 optumarumque
920 1125 1027 1167 rerum
1050 1102 1260 1184 occupatione
1282 1099 1485 1166 verissimam

324 1202 443 1269 habeat
476 1225 513 1266 ao
545 1203 707 1288 propriam
735 1202 933 1288 voluptatem
963 1207 1021 1286 (cf.
1043 1205 1120 1270 Etb.
1142 1204 1184 1270 N.
1207 1203 1251 1283 X,
1272 1203 1292 1266 6
1316 1210 1349 1266 et
1369 1201 1387 1264 l
1409 1199 1483 1280 im).

324 1303 433 1382 Quare
454 1305 591 1370 Noster:
611 1305 737 1370 videtur
758 1305 866 1388 igitur,
889 1306 1002 1393 inquit,
1026 1306 1187 1372 mirabiles
1204 1305 1385 1392 voluptates
1407 1325 1484 1366 cum

325 1407 509 1472 sinceritate
532 1408 695 1473 continere
718 1417 787 1472 tum
810 1407 982 1472 stabilitate
1005 1407 1182 1495 sapientiae
1205 1429 1295 1473 amor
1324 1403 1483 1492 (φιλοσο-

323 1505 414 1598 φία),
435 1532 474 1574 ac
497 1509 665 1594 probabile
688 1519 736 1574 est
759 1501 927 1594 (εὔλογον)
951 1511 1125 1576 scientibus
1144 1510 1360 1596 περίτρεσαν
1384 1527 1482 1592 quae·

323 1613 467 1681 rentibus
490 1613 662 1678 iucundum
680 1634 750 1676 esse
765 1623 895 1699 optume
911 1612 1041 1677 vivendi
1060 1614 1199 1678 fructum
1223 1610 1297 1698 (τὴν
1314 1601 1483 1694 διαγωγήν

324 1717 367 1781 ib.
387 1715 579 1795 1177α25).
604 1749 645 1760 -
667 1713 707 1780 Id
730 1723 778 1778 est
801 1713 888 1800 quod
911 1713 1036 1796 dicunt,
1061 1716 1102 1780 ad
1124 1737 1283 1780 summum
1306 1710 1431 1798 aliquid
1454 1721 1483 1774 et

324 1828 489 1905 optumum
511 1817 675 1901 adspirare
691 1813 864 1902 Stagirites
888 1816 1074 1884 doctrinam.
1110 1818 1205 1905 Apud
1220 1817 1389 1882 Plutonem
1411 1814 1481 1902 quis

324 1923 441 1998 nescit,
463 1919 509 1984 rei
532 1917 680 2004 publicae
702 1929 843 1984 rectores
866 1929 921 1986 aut
943 1919 1124 2007 philosophi
1146 1920 1210 1984 sint
1231 1929 1399 2006 oportere,
1432 1929 1480 1982 aut

324 2021 506 2110 philosophi
533 2043 601 2084 rem
633 2020 793 2105 publicam
827 2033 942 2108 regant
953 2023 987 2104 ¹).
1023 2059 1060 2068 —
1096 2023 1195 2090 Aliud
1228 2022 1326 2087 sentit
1353 2021 1474 2086 Noster.

327 2123 449 2205 Otium,
472 2121 718 2210 philosophiam,
740 2122 971 2190 beatitudinem
994 2124 1141 2191 omnibus
1157 2149 1228 2191 esse
1249 2149 1287 2190 ec
1310 2146 1369 2209 pro
1394 2131 1478 2210 parte

326 2227 453 2312 singulo
470 2226 587 2312 cuique
601 2225 806 2311 perfectionis
822 2225 1094 2313 institutionisque
1109 2229 1231 2292 fructus
1248 2226 1337 2310 (Pol.
1353 2225 1414 2306 IV,
1436 2227 1478 2288 14.

329 2329 438 2394 leaeo
453 2328 509 2393 29:
533 2321 587 2392 ἀεὶ
607 2325 669 2414 γὰρ
693 2323 931 2415 mactaverit?
951 2323 1182 2417 αἱρετώτατον,
1207 2317 1247 2396 οὗ
1267 2331 1373 2410 τυχεῖν
1396 2323 1479 2392 ἔστιν

326 2424 537 2520 ἀκροτάτου).
583 2431 674 2496 Idem
698 2433 753 2518 qui
775 2433 808 2496 in
830 2433 959 2498 civitate
986 2433 1197 2518 gubernanda
1224 2431 1422 2519 experientia
1441 2451 1478 2492 ac

326 2534 497 2624 prudentia
519 2533 599 2598 duce
622 2533 689 2618 egit
709 2534 912 2622 negotiisque
935 2535 1055 2618 nititur,
1080 2558 1178 2621 agere
1195 2546 1226 2600 et
1240 2533 1298 2599 niti
1321 2556 1379 2621 pro
1393 2531 1476 2596 nullo

327 2639 389 2704 alio
417 2636 478 2702 nisi
506 2659 564 2724 pro
588 2659 625 2701 eo
650 2636 759 2718 debet,
789 2659 852 2722 quo
880 2636 998 2702 bonum
1028 2647 1060 2702 et
1086 2639 1356 2725 pulcrumatque
1377 2635 1422 2697 sni
1444 2643 1475 2695 et

328 2740 467 2806 omnium
501 2738 701 2822 singulorum
733 2737 897 2804 beatitudo
931 2750 963 2804 et
996 2741 1096 2806 otium
1130 2739 1311 2810 efficiantur
1340 2736 1417 2817 (Pol.
1443 2733 1472 2794 V

328 2843 454 2926 (VIII),
466 2844 524 2924 l).
542 2877 579 2886 -
598 2839 733 2921 Deinde,
757 2849 955 2928 quantopere
970 2843 1090 2908 Noster
1111 2843 1144 2906 in
1157 2841 1340 2906 universum
1359 2835 1472 2923 ubique

328 2956 361 3010 et
382 2955 485 3010 totum
508 2943 742 3024 animadvertit,
764 2952 932 3030 tantopere
955 2966 1060 3031 eoque
1073 2943 1176 3028 magis
1192 2943 1310 3030 singuli
1331 2941 1477 3026 cuiusque

329 3046 493 3135 propriam
504 3055 651 3112 naturam
665 3045 811 3110 omittere
823 3046 902 3110 nolit
910 3046 947 3128 ²).
962 3083 999 3092 —
1015 3045 1264 3132 Quapropter-in
1277 3044 1398 3111 Etbicis
1409 3043 1444 3124 (l.
1457 3041 1478 3104 l.

328 3173 354 3214 o.
365 3149 382 3214 l
394 3150 493 3231 extr.)
504 3172 510 3212 :
526 3146 565 3214 τὸ
577 3145 638 3235 γὰρ
651 3143 772 3213 οἰκεῖον
784 3141 910 3234 ἑκάστῳ
921 3151 962 3236 τῇ
973 3144 1076 3235 φύσει
1091 3143 1266 3236 κράτιστον
1280 3145 1337 3212 καὶ
1347 3139 1480 3232 ἥδιστόν

325 3247 418 3320 ἔστιν
433 3245 571 3336 ἑκάστῳ.
593 3262 625 3314 et
639 3251 709 3316 loco
724 3248 788 3314 iam
804 3274 902 3338 supra
917 3251 1024 3316 adlato
1040 3251 1126 3333 (Pol.
1143 3251 1202 3332 IV,
1221 3252 1269 3314 14.
1292 3251 1400 3316 reesa
1410 3250 1481 3330 39):

327 3355 386 3422 τὸν
409 3348 510 3420 αὐτὸν
533 3351 571 3420 δὲ
596 3346 721 3435 τρόπον
748 3353 806 3434 (de
835 3353 933 3419 animi
962 3353 1106 3440 partibus
1134 3353 1362 3438 actionumque
1384 3349 1484 3416 distri-

329 3459 461 3526 butione
483 3457 606 3542 agitur)
635 3453 692 3522 acl
717 3453 796 3540 περὶ
815 3452 895 3533 τούς
916 3451 1011 3539 βίους
1032 3455 1089 3521 καὶ
1108 3453 1168 3533 τάς
1189 3456 1255 3548 τῶν
1284 3449 1485 3542 πραγμάτων

330 3559 527 3646 διαιρέσεις·
545 3558 597 3625 δεῖ
606 3556 667 3638 μὲν
676 3557 738 3646 γάρ
751 3553 903 3640 ἀσχολεῖν
918 3555 1090 3626 δύνασθαι
1104 3555 1160 3622 καλ
1174 3557 1341 3639 πολεμεῖν,
1356 3557 1485 3641 μᾶλλον

330 3661 361 3732 d’
387 3659 516 3751 εἰρήνην
538 3653 631 3747 lyco
653 3660 710 3726 aul
729 3658 914 3743 σχολάζειν·
939 3662 996 3728 καὶ
1015 3656 1198 3747 τάναγκαῖα
1212 3660 1325 3728 καὶτὰ
1339 3657 1484 3748 χρήσιμα

331 3769 369 3836 dd
392 3762 565 3855 πράττειν·
592 3763 634 3830 τά
661 3763 700 3832 δὲ
726 3764 811 3830 καλά
839 3767 892 3832 δεῖ
914 3767 1053 3848 μᾶλλον.
1099 3765 1209 3830 Otium
1231 3764 1291 3828 tibi
1313 3765 1484 3830 conciliare

330 3895 393 3938 uon
416 3871 540 3938 nisiex
563 3889 660 3954 opere
683 3881 737 3932 tuo
761 3891 799 3935 ec
814 3891 945 3935 munere
968 3870 1111 3956 perfeeto
1134 3867 1269 3955 poteris:
1292 3877 1327 3930 at
1346 3889 1407 3954 pro
1431 3887 1485 3930 sua

330 3984 421 4061 parte
442 3993 574 4040 neeesse
597 3980 645 4034 est
668 3970 811 4056 singulus
835 3971 970 4058 quisquc
1001 3971 1157 4056 negotiari
1181 3971 1296 4050 discat,
1325 3979 1362 4034 ut
1388 3966 1486 4034 omni·

330 4077 390 4142 bus
420 4076 591 4164 aliquando
619 4073 711 4138 otiari
740 4074 846 4138 liceat.
891 4075 994 4157 Sane,
1025 4072 1144 4139 bomini
1176 4073 1353 4160 inperfecto
1384 4083 1418 4137 et
1444 4073 1485 4134 in·

294 4175 301 4202 ⁸
330 4179 426 4261 culto,
449 4177 558 4266 pueris
580 4185 611 4241 et
633 4177 678 4240 eis
700 4173 827 4242 demum
848 4177 905 4264 qui
927 4177 1077 4242 libertate
1104 4185 1243 4256 careant,
1266 4175 1366 4240 otium
1388 4181 1484 4258 negat

332 4335 533 4350 .--,.--

404 4416 422 4478 ¹)
441 4414 479 4464 Ol.
493 4411 579 4475 Plato,
598 4411 660 4476 Rep.
674 4411 704 4461 V.
718 4409 796 4463 4730.
878 4395 880 4402 ⁵
1045 4448 1051 4484 Ι

404 4501 424 4565 ²)
444 4501 482 4549 Of.
495 4501 511 4561 ξ
524 4497 548 4550 8.

1159 4365 1173 4414 l
