3154 5252
597 401 805 463 „17..

117 581 322 658 conparatum
345 579 377 636 et
399 570 579 657 perfectum
600 569 728 634 reddat:
753 564 771 637 ὁ
795 569 833 638 δὲ
857 565 955 657 λόγος
977 563 1131 658 ἡμῖνκαὶ
1154 567 1171 639 ὃ
1196 577 1271 652 νοῦς

115 679 173 763 τῆς
188 672 321 764 φάσεως
335 672 473 755 τέλος“).
513 671 653 762 Omnino
669 684 776 738 autem
792 671 948 738 illiberale
965 669 1147 756 (βάναυσον
1162 669 1271 761 ἔργον)

116 778 297 844 habendum
321 789 384 858 est,
412 776 446 840 in
469 798 532 862 quo
555 775 642 840 illam
665 799 762 842 uuam
786 775 942 841 rationem
967 776 1163 842 desiderabis
1186 778 1271 858 (Pol.

115 881 133 946 l.
150 880 170 945 l.
196 881 302 945 133Ἱὸ
318 879 338 942 8
354 880 444 966 sqq.)
453 875 490 959 ²).
536 879 653 964 Agitur
677 877 716 943 de
739 877 923 942 muneribus
954 876 1049 966 (περὶ
1069 882 1134 944 τῶν
1156 877 1272 968 ἔργων)

112 1005 195 1070 quae
210 983 242 1047 iu
259 982 450 1048 educatione
465 980 628 1065 fungenda
647 991 733 1045 sunt:
756 975 835 1046 etot
855 980 1001 1068 φανερὸν
1024 977 1168 1070 πότερον
1189 981 1275 1070 πρὸς

110 1083 171 1173 τὴν
193 1080 350 1152 διάνοιαν
373 1083 497 1172 πρέπει
519 1083 647 1165 μᾶλλον
669 1076 690 1170 ἢ
712 1082 798 1171 πρὸς
819 1081 858 1150 τὸ
880 1087 939 1171 τῆς
960 1088 1069 1175 ψυχῆς
1091 1077 1179 1172 ἦθος
1200 1087 1234 1164 (l.
1252 1086 1272 1163 l·

111 1188 154 1267 V,
179 1191 225 1270 2).
269 1188 386 1252 Efiue
409 1187 573 1274 proposito
604 1210 656 1251 res
685 1195 798 1272 patere
821 1199 930 1252 censet
954 1189 1161 1270 Aristoteles,
1191 1188 1274 1252 unde

112 1292 246 1357 omnino
270 1290 440 1356 dicendum
456 1313 525 1356 esse
541 1288 617 1375 quid
634 1299 666 1354 et
681 1298 838 1376 quantum
856 1289 968 1356 deceat
991 1289 1045 1374 (τὰ
1067 1287 1156 1369 τίνος
1176 1288 1275 1379 χάριν

113 1389 257 1482 πράττει
278 1416 329 1472 τις
351 1387 372 1480 ἢ
392 1387 587 1476 μανθάνει).
619 1392 691 1456 Ηοο
714 1391 899 1479 respiciens,
917 1431 953 1440 ‘-
972 1404 1007 1458 ut
1023 1416 1086 1458 una
1102 1394 1214 1477 dicam,
1234 1434 1270 1442 -

116 1496 296 1562 moderatio
322 1497 375 1561 illa
408 1506 439 1560 et
471 1495 654 1560 terminatio
684 1495 759 1560 inde
790 1495 949 1583 proficisci
978 1493 1125 1562 videntur
1156 1520 1197 1562 ex
1224 1519 1272 1580 eo,

118 1598 207 1684 quod
231 1601 377 1665 universe
399 1592 586 1663 ‘mensurae'
619 1597 748 1663 nomine
777 1598 1021 1686 significandum
1052 1601 1146 1684 τοῦ).
1189 1600 1272 1665 Fere

118 1699 203 1765 idem
226 1703 378 1788 estquod
401 1703 478 1767 alibi
500 1702 594 1784 (Eth.
612 1700 653 1766 N.
671 1700 729 1783 VI,
755 1703 787 1784 l)
816 1703 922 1769 verbis
952 1702 1066 1766 dicitur
1093 1726 1176 1790 quae
1199 1716 1274 1768 sunt

118 1796 225 1890 ὀρθὸς
245 1797 356 1889 λόγος,
382 1828 446 1892 quo
469 1829 534 1870 non
557 1805 652 1870 modo
675 1827 733 1890 pro
757 1814 902 1893 tempore
932 1806 1066 1892 aliisque
1090 1803 1274 1870 conditioni·

116 1905 255 1970 bus-sed
277 1908 404 1974 omnino
428 1907 669 1974 diiudicandum
692 1919 752 1990 est,
777 1931 944 1996 quousque
966 1909 999 1973 in
1023 1909 1169 1973 omnibus
1193 1931 1275 1996 quae

111 2008 295 2074 necessaria
318 2022 350 2075 et
373 2011 463 2076 utilia
486 2019 519 2074 et
540 2009 679 2077 iucunda
707 2011 771 2076 siut
794 2005 993 2098 ‘ingenuum'
1023 2012 1184 2078 hominem
1208 2035 1275 2077 eru-

111 2111 173 2176 diri
197 2122 345 2199 oporteat
368 2103 458 2196 (οἷον
481 2115 547 2196 δεῖ)
571 2117 656 2197 (Pol.
674 2115 693 2179 l.
708 2115 728 2179 l.
754 2115 862 2179 133712
877 2114 898 2177 3
913 2117 1012 2201 sqq).
1026 2151 1067 2162 -
1084 2114 1206 2194 Quodsi
1235 2117 1275 2182 de

114 2214 367 2300 siugulisrobus
390 2239 617 2306 nequequam
645 2217 786 2282 maxime
813 2217 963 2283 universe
994 2218 1147 2282 hocloco
1171 2217 1275 2306 dispu-

116 2318 247 2384 tandum
270 2329 365 2402 esset,
387 2321 542 2386 musicam
567 2322 618 2387 vel
640 2321 876 2408 gymnasticam
896 2318 1095 2406 disciplinam
1118 2321 1179 2386 huc
1203 2344 1275 2387 eon-

114 2421 282 2503 ferrcmus‚
307 2423 422 2510 quibus
446 2447 531 2511 quae
550 2425 672 2490 Nostro
695 2434 826 2490 auctore
851 2423 936 2487 dicta
957 2433 1031 2488 suut
1051 2423 1180 2488 uberius
1203 2449 1275 2490 cou-

117 2524 244 2610 probsri
267 2536 385 2613 posset.
403 2563 443 2574 —
461 2529 505 2592 At
527 2529 603 2592 satis
627 2537 777 2593 accurate
800 2526 982 2614 adparebit‚
1015 2548 1077 2614 quo
1109 2527 1163 2591 illa
1192 2552 1276 2594 meu-

118 2649 210 2692 surae
228 2629 370 2695 definitio
385 2631 506 2714 tendat,
530 2631 578 2696 his
593 2631 697 2696 tribus
714 2629 833 2696 allatis:
855 2627 893 2696 τὸ
907 2627 1010 2712 μέσον
1027 2622 1120 2716 ‘quid
1136 2631 1275 2698 medium

114 2723 175 2811 sit',
202 2729 242 2796 τὸ
273 2729 432 2814 dorcada]
452 2729 545 2821 ‘quid
568 2734 638 2798 fieri
660 2729 779 2822 possit',
808 2732 847 2799 τὸ
871 2733 1002 2820 πρέπον
1024 2727 1117 2819 ‘quid
1140 2727 1275 2816 deceat,

113 2833 234 2920 quibus
256 2836 352 2902 rebus
375 2863 416 2904 ex
437 2837 550 2902 Nostri
573 2838 732 2902 sententia
752 2836 786 2901 id
808 2837 894 2924 quod
916 2836 972 2902 fini
1003 2836 1184 2902 educationi
1205 2861 1277 2926 pro-

114 2936 222 3022 posito
247 2951 356 3027 aptum
380 2954 438 3023 est,
463 2940 626 3006 aestimari
649 2940 745 3006 debet
768 2941 852 3021 (Pol.
868 2933 944 3025 Vfl
969 2943 1077 3022 extr.).

202 3147 233 3212 9.
257 3146 398 3212 Omnino
414 3156 531 3230 autem,
556 3147 650 3212 docet
668 3147 869 3232 Aristoteles,
894 3147 972 3212 duas
988 3171 1058 3214 esse
1074 3171 1136 3231 res,
1161 3150 1275 3236 quibus

122 3258 207 3314 recte
223 3250 404 3315 constitutis
420 3244 565 3336 (ὀρθῶς)
588 3251 743 3338 perfectio
760 3252 793 3317 in
809 3251 956 3318 omnibus
972 3253 1121 3316 universe
1139 3253 1275 3316 existere

119 3351 238 3438 possit:
268 3357 359 3435 finem
394 3352 466 3436 (τὸν
494 3349 637 3434 σκοπόν)
668 3375 774 3418 rerum
802 3355 1015 3442 gerendarum
1044 3363 1075 3418 et
1104 3375 1158 3418 eas
1189 3357 1275 3442 ipsas

117 3459 270 3534 actiones,
299 3481 381 3545 quae
412 3469 486 3546 apte
513 3459 663 3524 iuventae
692 3457 732 3521 ad
761 3457 857 3522 finem
878 3457 1076 3545 propositum
1100 3457 1276 3521 conferant.

114 3559 302 3648 Utrumque
331 3584 408 3628 vero
439 3559 610 3644 (τὸτέλος
635 3559 691 3626 καὶ
717 3555 765 3638 εἰς
792 3557 948 3636 τὸτέλος
975 3555 1145 3646 πράξεις),
1176 3559 1276 3623 altero

115 3663 210 3728 alteri
240 3665 465 3748 conveniente,
494 3666 527 3730 in
554 3665 701 3730 omnibus
729 3663 851 3728 artibus
874 3673 905 3726 et
927 3663 1067 3727 scientiis
1090 3663 1277 3750 praevalere

117 3765 217 3832 debet
239 3767 325 3848 (Pol.
341 3767 401 3848 IV,
422 3769 470 3832 13.
498 3769 603 3833 133712
620 3766 773 3849 26—38).
811 3765 956 3844 Quarum
978 3787 1086 3831 rerum
1110 3766 1188 3830 illud
1211 3767 1278 3853 qui-

117 3867 192 3934 dem
223 3867 309 3954 quod
339 3889 404 3935 una
427 3870 520 3935 simul
547 3880 579 3936 et
609 3872 730 3937 civitati
759 3879 791 3935 et
822 3868 945 3934 civibus
974 3869 1189 3955 expetendum
1219 3881 1276 3954 eet,

117 3973 235 4038 iterum
258 3971 438 4060 iterumque
467 3974 682 4041 collaudatur:
712 3970 766 4041 ὅτι
786 3971 846 4056 μὲν
869 3964 927 4038 οὖν
949 3975 1011 4040 τοῦ
1029 3965 1055 4037 τ’
1081 3963 1120 4040 εὖ
1143 3972 1278 4060 ζῆνκαὶ

114 4077 177 4163 τῆς
199 4067 419 4159 εὐδαιμονίας
441 4075 592 4166 ἐφίενται
612 4077 746 4160 πάντες,
770 4073 915 4167 φανερόν
938 4079 973 4159 (l.
989 4077 1010 4141 l.
1030 4077 1139 4142 lauta
1154 4079 1195 4142 39
1211 4083 1276 4165 sq.)

195 4239 213 4304 ¹)
233 4242 267 4292 Of
284 4243 455 4308 P01.1v,1e.
477 4245 568 4298 1334t
585 4252 616 4298 14
628 4263 684 4313 sqq.

195 4330 215 4396 ²)
234 4331 272 4382 Ol.
292 4333 376 4397 Plato,
396 4337 474 4403 Gorg.
493 4353 518 4404 p.
538 4339 621 4387 48512.

196 4418 216 4484 ³)
236 4419 273 4472 cf.
294 4422 348 4473 Pol.
369 4423 413 4486 Vl,
430 4429 469 4476 ll.
492 4429 579 4478 lausa
593 4428 625 4476 35
644 4441 699 4490 sqq.
722 4425 782 4476 coll.
796 4428 857 4478 Met.
872 4425 918 4488 IX,
936 4433 956 4477 l.
974 4429 1061 4477 loeta
1077 4429 1107 4474 18
1122 4438 1171 4489 sq.;
1191 4425 1279 4476 loeta

1060 4601 1081 4665 2
