3156 5246
787 414 999 483 „50-

314 589 476 674 excipere.
511 589 583 655 Neo
605 586 665 654 nisi
688 607 847 653 summum
865 583 987 675 aliquid
1008 583 1070 650 sibi
1092 583 1235 652 vindieat
1249 594 1283 650 et
1299 584 1475 672 singulare,

313 692 399 779 quod
422 709 442 756 a
464 691 623 780 principio
646 713 837 777 expressum
859 704 923 771 est,
953 710 1025 754 oum
1048 688 1089 752 de
1110 689 1251 756 humana
1272 689 1476 755 institutione

312 805 429 883 agatur
451 803 484 860 et
507 793 663 860 doctriua.
692 817 733 840 e-
763 791 848 857 Hine
877 790 1016 879 denique
1043 791 1108 858 iam
1130 791 1207 857 satis
1231 798 1377 878 apertum
1400 791 1476 873 erit,

313 897 391 986 quid
414 897 455 962 sit
476 897 569 962 huius
592 895 823 961 dissertationis
839 893 953 960 tertiae
968 895 1061 982 parti,
1084 894 1243 983 adquam
1270 892 1475 958 tractandam

313 1021 399 1065 nuno
429 999 566 1065 transire
594 999 764 1081 debemus,
797 997 1010 1086 propositum.
1055 995 1281 1082 Honestusssao
1303 997 1424 1084 probus
1449 996 1478 1060 is

314 1101 440 1183 dicitur,
464 1102 514 1166 oui
537 1101 657 1168 bonum
680 1101 712 1166 id
736 1099 887 1187 estquod
906 1100 1055 1166 univerae
1071 1109 1104 1167 et
1118 1099 1264 1167 absoluto
1280 1110 1328 1166 est
1342 1101 1476 1167 bonum.

314 1203 387 1282 Quo
418 1204 595 1270 honestatis
617 1203 779 1292 perveniri
808 1211 914 1291 potest
941 1203 1068 1270 virtutis
1095 1202 1220 1269 ratione
1250 1212 1282 1268 et
1304 1203 1365 1269 via.
1409 1204 1477 1270 Ex-

214 1311 216 1314 ’
313 1307 419 1393 pletur
445 1315 553 1372 autem
580 1307 707 1372 virtutis
734 1307 840 1371 forma
862 1327 903 1372 ex
924 1305 1030 1374 indole
1058 1305 1199 1395 quedam
1223 1329 1295 1372 oum
1318 1307 1475 1372 exercita·

312 1409 399 1476 tione
421 1418 490 1476 tum
512 1408 743 1497 intellegentia.
782 1407 1011 1488 Quaerendum
1036 1419 1094 1494 est,
1116 1409 1149 1475 id
1172 1410 1258 1498 quod
1278 1408 1318 1474 ad
1334 1408 1473 1475 docendi

313 1520 415 1578 artem
447 1506 619 1598 (διδαχήν)
649 1511 805 1599 pertinet,
837 1535 901 1600 qua
934 1513 1064 1578 tandem
1092 1513 1216 1606 ratione
1243 1521 1276 1578 et
1303 1512 1475 1601 disciplina

313 1615 519 1702 singulariter
552 1613 635 1680 effioi
664 1616 816 1698 voluerit,
844 1626 880 1681 ut
909 1614 954 1681 ita
982 1612 1141 1703 gradatim
1169 1615 1209 1682 ad
1243 1616 1473 1703 perfectionem

312 1717 567 1804 progrediamur.
585 1755 620 1764 —
646 1718 699 1784 Ad
721 1741 818 1807 quam
842 1719 1061 1806 quaestionem
1085 1719 1321 1809 expediendum
1344 1719 1371 1784 si
1395 1719 1474 1808 quid

312 1820 398 1906 apud
413 1820 569 1887 Nostrum
588 1820 761 1902 iuvenitur,
783 1821 908 1888 nullum
923 1823 1010 1889 aliud
1027 1825 1089 1890 hoo
1103 1824 1172 1888 lore
1192 1822 1286 1889 faoilo
1302 1821 1471 1901 concedes,

312 1924 373 1988 niai
396 1924 482 2011 quod
505 1947 524 1990 a
546 1923 701 2012 principio
724 1919 845 2012 (λόγῳ)
876 1926 970 1992 simul
998 1926 1038 1990 ad
1061 1925 1178 2012 agendi
1202 1935 1234 1992 et
1255 1925 1469 2012 cognoscendi

313 2026 399 2092 valet
426 2027 592 2094 rationem.
638 2026 733 2106 Quod
760 2027 792 2093 in
820 2028 858 2094 iis
887 2051 969 2116 quae
994 2039 1173 2116 sequuntur
1202 2027 1465 2095 considerandum

313 2130 384 2196 erit.
409 2168 450 2178 -
