<?xml version="1.0" encoding="UTF-8"?>
<!DOCTYPE html PUBLIC "-//W3C//DTD XHTML 1.0 Transitional//EN"
    "http://www.w3.org/TR/xhtml1/DTD/xhtml1-transitional.dtd">
<html xmlns="http://www.w3.org/1999/xhtml" xml:lang="en" lang="en">
 <head>
  <title>
</title>
<meta http-equiv="Content-Type" content="text/html;charset=utf-8" />
  <meta name='ocr-system' content='tesseract 3.04.00' />
  <meta name='ocr-capabilities' content='ocr_page ocr_carea ocr_par ocr_line ocrx_word'/>
</head>
<body>
  <div class='ocr_page' id='page_1' title='image "./dearistotelisin00lefmgoog_0090.png"; bbox 0 0 3156 5246; ppageno 0'>
   <div class='ocr_carea' id='block_1_1' title="bbox 609 419 817 482">
    <p class='ocr_par' dir='ltr' id='par_1_1' title="bbox 609 419 817 482">
     <span class='ocr_line' id='line_1_1' title="bbox 609 419 817 482; baseline -0.01 -16"><span class='ocrx_word' id='word_1_1' title='bbox 609 419 817 482; x_wconf 64' lang='grc'>..77-</span> 
     </span>
    </p>
   </div>
   <div class='ocr_carea' id='block_1_2' title="bbox 131 581 1293 1070">
    <p class='ocr_par' dir='ltr' id='par_1_2' title="bbox 131 581 1293 1070">
     <span class='ocr_line' id='line_1_2' title="bbox 135 581 1288 676; baseline -0.007 -16"><span class='ocrx_word' id='word_1_2' title='bbox 135 595 257 660; x_wconf 81' lang='lat' dir='ltr'><strong>Rerum</strong></span> <span class='ocrx_word' id='word_1_3' title='bbox 279 600 427 657; x_wconf 80' lang='lat' dir='ltr'><strong>naturam</strong></span> <span class='ocrx_word' id='word_1_4' title='bbox 451 590 558 656; x_wconf 89' lang='lat' dir='ltr'><strong>animo</strong></span> <span class='ocrx_word' id='word_1_5' title='bbox 582 588 766 676; x_wconf 74' lang='lat' dir='ltr'><strong>perspicere</strong></span> <span class='ocrx_word' id='word_1_6' title='bbox 793 587 950 653; x_wconf 89' lang='lat' dir='ltr'><strong>iubemur.</strong></span> <span class='ocrx_word' id='word_1_7' title='bbox 994 585 1051 654; x_wconf 80' lang='lat' dir='ltr'><strong>Sic</strong></span> <span class='ocrx_word' id='word_1_8' title='bbox 1067 581 1141 676; x_wconf 86' lang='lat' dir='ltr'><strong>‘per</strong></span> <span class='ocrx_word' id='word_1_9' title='bbox 1164 584 1288 654; x_wconf 85' lang='lat' dir='ltr'><strong>oausas&#39;</strong></span> 
     </span>
     <span class='ocr_line' id='line_1_3' title="bbox 132 691 1291 778; baseline -0.004 -17"><span class='ocrx_word' id='word_1_10' title='bbox 132 696 299 761; x_wconf 79' lang='lat' dir='ltr'><strong>discimus:</strong></span> <span class='ocrx_word' id='word_1_11' title='bbox 324 692 539 778; x_wconf 77' lang='lat' dir='ltr'><strong>cognoscendi</strong></span> <span class='ocrx_word' id='word_1_12' title='bbox 563 693 688 758; x_wconf 86' lang='lat' dir='ltr'><strong>ratione</strong></span> <span class='ocrx_word' id='word_1_13' title='bbox 710 691 937 778; x_wconf 82' lang='lat' dir='ltr'><strong>pervenientes</strong></span> <span class='ocrx_word' id='word_1_14' title='bbox 958 691 1091 756; x_wconf 83' lang='lat' dir='ltr'><strong>eumad</strong></span> <span class='ocrx_word' id='word_1_15' title='bbox 1113 691 1291 774; x_wconf 84' lang='lat' dir='ltr'><strong>veritatem,</strong></span> 
     </span>
     <span class='ocr_line' id='line_1_4' title="bbox 131 793 1288 883; baseline -0.004 -19"><span class='ocrx_word' id='word_1_16' title='bbox 131 811 202 864; x_wconf 90' lang='lat' dir='ltr'><strong>tum</strong></span> <span class='ocrx_word' id='word_1_17' title='bbox 214 797 255 862; x_wconf 93' lang='lat' dir='ltr'><strong>ad</strong></span> <span class='ocrx_word' id='word_1_18' title='bbox 266 794 473 883; x_wconf 85' lang='lat' dir='ltr'><strong>intellegendi</strong></span> <span class='ocrx_word' id='word_1_19' title='bbox 488 794 750 882; x_wconf 74' lang='lat' dir='ltr'><strong>perspicuitatem</strong></span> <span class='ocrx_word' id='word_1_20' title='bbox 767 803 799 858; x_wconf 88' lang='lat' dir='ltr'><strong>et</strong></span> <span class='ocrx_word' id='word_1_21' title='bbox 814 793 856 857; x_wconf 86' lang='lat' dir='ltr'><strong>ad</strong></span> <span class='ocrx_word' id='word_1_22' title='bbox 871 794 1014 858; x_wconf 87' lang='lat' dir='ltr'><strong>intuendi</strong></span> <span class='ocrx_word' id='word_1_23' title='bbox 1032 793 1237 860; x_wconf 85' lang='lat' dir='ltr'><strong>evidentiam.</strong></span> <span class='ocrx_word' id='word_1_24' title='bbox 1251 832 1288 842; x_wconf 94' lang='lat'><strong>-—</strong></span> 
     </span>
     <span class='ocr_line' id='line_1_5' title="bbox 132 895 1293 985; baseline -0.004 -19"><span class='ocrx_word' id='word_1_25' title='bbox 132 899 215 981; x_wconf 80' lang='lat' dir='ltr'><strong>Sed,</strong></span> <span class='ocrx_word' id='word_1_26' title='bbox 245 897 331 965; x_wconf 89' lang='lat' dir='ltr'><strong>unde</strong></span> <span class='ocrx_word' id='word_1_27' title='bbox 354 901 417 964; x_wconf 91' lang='lat' dir='ltr'><strong>huo</strong></span> <span class='ocrx_word' id='word_1_28' title='bbox 447 896 728 985; x_wconf 56' lang='lat' dir='ltr'><strong>digressi‘eumus,</strong></span> <span class='ocrx_word' id='word_1_29' title='bbox 763 895 803 959; x_wconf 89' lang='lat' dir='ltr'><strong>ad</strong></span> <span class='ocrx_word' id='word_1_30' title='bbox 826 895 1004 962; x_wconf 88' lang='lat' dir='ltr'><strong>studiorum</strong></span> <span class='ocrx_word' id='word_1_31' title='bbox 1026 898 1166 962; x_wconf 87' lang='lat' dir='ltr'><strong>fructum</strong></span> <span class='ocrx_word' id='word_1_32' title='bbox 1188 919 1293 962; x_wconf 86' lang='lat' dir='ltr'><strong>rever·</strong></span> 
     </span>
     <span class='ocr_line' id='line_1_6' title="bbox 133 1015 249 1070; baseline -0.017 -2"><span class='ocrx_word' id='word_1_33' title='bbox 133 1015 249 1070; x_wconf 83' lang='lat' dir='ltr'><strong>tamur.</strong></span> 
     </span>
    </p>
   </div>
   <div class='ocr_carea' id='block_1_3' title="bbox 134 1203 1307 4052">
    <p class='ocr_par' dir='ltr' id='par_1_3' title="bbox 134 1203 1307 4052">
     <span class='ocr_line' id='line_1_7' title="bbox 218 1203 1294 1294; baseline -0.001 -23"><span class='ocrx_word' id='word_1_34' title='bbox 218 1207 272 1271; x_wconf 81' lang='lat'><strong>40.</strong></span> <span class='ocrx_word' id='word_1_35' title='bbox 312 1206 364 1270; x_wconf 87' lang='lat' dir='ltr'><strong>De</strong></span> <span class='ocrx_word' id='word_1_36' title='bbox 395 1208 483 1272; x_wconf 82' lang='lat' dir='ltr'><strong>calce</strong></span> <span class='ocrx_word' id='word_1_37' title='bbox 515 1220 587 1270; x_wconf 86' lang='lat' dir='ltr'><strong>c&#39;um</strong></span> <span class='ocrx_word' id='word_1_38' title='bbox 618 1204 794 1286; x_wconf 80' lang='lat' dir='ltr'><strong>Aristotele</strong></span> <span class='ocrx_word' id='word_1_39' title='bbox 826 1227 924 1294; x_wconf 86' lang='lat' dir='ltr'><strong>supra</strong></span> <span class='ocrx_word' id='word_1_40' title='bbox 954 1203 1181 1293; x_wconf 88' lang='lat' dir='ltr'><strong>disputandum</strong></span> <span class='ocrx_word' id='word_1_41' title='bbox 1216 1214 1294 1288; x_wconf 79' lang='lat' dir='ltr'><strong>eret,</strong></span> 
     </span>
     <span class='ocr_line' id='line_1_8' title="bbox 134 1307 1295 1398; baseline -0.003 -23"><span class='ocrx_word' id='word_1_42' title='bbox 134 1311 176 1375; x_wconf 80' lang='lat' dir='ltr'><strong>ad</strong></span> <span class='ocrx_word' id='word_1_43' title='bbox 206 1333 303 1398; x_wconf 88' lang='lat' dir='ltr'><strong>quam</strong></span> <span class='ocrx_word' id='word_1_44' title='bbox 331 1309 479 1374; x_wconf 88' lang='lat' dir='ltr'><strong>omnibus</strong></span> <span class='ocrx_word' id='word_1_45' title='bbox 505 1307 731 1395; x_wconf 86' lang='lat' dir='ltr'><strong>inpedimentis</strong></span> <span class='ocrx_word' id='word_1_46' title='bbox 760 1307 919 1393; x_wconf 87' lang='lat' dir='ltr'><strong>expeditis</strong></span> <span class='ocrx_word' id='word_1_47' title='bbox 947 1320 1003 1373; x_wconf 86' lang='lat' dir='ltr'><strong>eut</strong></span> <span class='ocrx_word' id='word_1_48' title='bbox 1038 1309 1193 1374; x_wconf 85' lang='lat' dir='ltr'><strong>adcursus</strong></span> <span class='ocrx_word' id='word_1_49' title='bbox 1224 1309 1295 1374; x_wconf 87' lang='lat' dir='ltr'><strong>lieri</strong></span> 
     </span>
     <span class='ocr_line' id='line_1_9' title="bbox 136 1408 1296 1498; baseline -0.003 -21"><span class='ocrx_word' id='word_1_50' title='bbox 136 1422 193 1478; x_wconf 84' lang='lat' dir='ltr'><strong>aut</strong></span> <span class='ocrx_word' id='word_1_51' title='bbox 219 1411 372 1477; x_wconf 87' lang='lat' dir='ltr'><strong>decursus</strong></span> <span class='ocrx_word' id='word_1_52' title='bbox 397 1411 571 1476; x_wconf 88' lang='lat' dir='ltr'><strong>videretur.</strong></span> <span class='ocrx_word' id='word_1_53' title='bbox 601 1447 637 1458; x_wconf 81' lang='lat'><strong>-</strong></span> <span class='ocrx_word' id='word_1_54' title='bbox 666 1408 821 1488; x_wconf 80' lang='lat' dir='ltr'><strong>Quaestio</strong></span> <span class='ocrx_word' id='word_1_55' title='bbox 847 1411 972 1493; x_wconf 88' lang='lat' dir='ltr'><strong>subest,</strong></span> <span class='ocrx_word' id='word_1_56' title='bbox 1007 1433 1090 1498; x_wconf 81' lang='lat' dir='ltr'><strong>qnae</strong></span> <span class='ocrx_word' id='word_1_57' title='bbox 1114 1412 1172 1476; x_wconf 90' lang='lat' dir='ltr'><strong>etsi</strong></span> <span class='ocrx_word' id='word_1_58' title='bbox 1200 1411 1296 1497; x_wconf 86' lang='lat' dir='ltr'><strong>signi·</strong></span> 
     </span>
     <span class='ocr_line' id='line_1_10' title="bbox 137 1511 1295 1600; baseline -0.003 -20"><span class='ocrx_word' id='word_1_59' title='bbox 137 1514 245 1596; x_wconf 73' lang='lat' dir='ltr'><strong>liceri,</strong></span> <span class='ocrx_word' id='word_1_60' title='bbox 269 1513 375 1578; x_wconf 84' lang='lat' dir='ltr'><strong>adhuc</strong></span> <span class='ocrx_word' id='word_1_61' title='bbox 396 1524 504 1578; x_wconf 87' lang='lat' dir='ltr'><strong>tamen</strong></span> <span class='ocrx_word' id='word_1_62' title='bbox 526 1515 657 1578; x_wconf 85' lang='lat' dir='ltr'><strong>tractari</strong></span> <span class='ocrx_word' id='word_1_63' title='bbox 680 1535 741 1577; x_wconf 92' lang='lat' dir='ltr'><strong>non</strong></span> <span class='ocrx_word' id='word_1_64' title='bbox 763 1513 881 1598; x_wconf 90' lang='lat' dir='ltr'><strong>potuit:</strong></span> <span class='ocrx_word' id='word_1_65' title='bbox 912 1514 1076 1600; x_wconf 87' lang='lat' dir='ltr'><strong>quaeritur</strong></span> <span class='ocrx_word' id='word_1_66' title='bbox 1099 1514 1184 1578; x_wconf 88' lang='lat' dir='ltr'><strong>enirn</strong></span> <span class='ocrx_word' id='word_1_67' title='bbox 1207 1511 1295 1600; x_wconf 91' lang='lat' dir='ltr'><strong>quid·</strong></span> 
     </span>
     <span class='ocr_line' id='line_1_11' title="bbox 138 1613 1296 1704; baseline -0.002 -22"><span class='ocrx_word' id='word_1_68' title='bbox 138 1613 213 1682; x_wconf 84' lang='lat' dir='ltr'><strong>nem</strong></span> <span class='ocrx_word' id='word_1_69' title='bbox 240 1615 296 1698; x_wconf 77' lang='lat' dir='ltr'><strong>sit,</strong></span> <span class='ocrx_word' id='word_1_70' title='bbox 325 1641 389 1704; x_wconf 90' lang='lat' dir='ltr'><strong>quo</strong></span> <span class='ocrx_word' id='word_1_71' title='bbox 415 1617 603 1682; x_wconf 83' lang='lat' dir='ltr'><strong>educatores</strong></span> <span class='ocrx_word' id='word_1_72' title='bbox 631 1625 922 1702; x_wconf 85' lang='lat' dir='ltr'><strong>praeceptoresque</strong></span> <span class='ocrx_word' id='word_1_73' title='bbox 950 1637 1058 1681; x_wconf 87' lang='lat' dir='ltr'><strong>rerum</strong></span> <span class='ocrx_word' id='word_1_74' title='bbox 1082 1614 1296 1703; x_wconf 82' lang='lat' dir='ltr'><strong>gerendarum</strong></span> 
     </span>
     <span class='ocr_line' id='line_1_12' title="bbox 140 1717 1298 1808; baseline 0.001 -28"><span class='ocrx_word' id='word_1_75' title='bbox 140 1719 222 1784; x_wconf 87' lang='lat' dir='ltr'><strong>bene</strong></span> <span class='ocrx_word' id='word_1_76' title='bbox 243 1741 281 1783; x_wconf 89' lang='lat' dir='ltr'><strong>ac</strong></span> <span class='ocrx_word' id='word_1_77' title='bbox 303 1741 457 1808; x_wconf 87' lang='lat' dir='ltr'><strong>prospere</strong></span> <span class='ocrx_word' id='word_1_78' title='bbox 479 1718 723 1807; x_wconf 83' lang='lat' dir='ltr'><strong>procedentium</strong></span> <span class='ocrx_word' id='word_1_79' title='bbox 745 1719 909 1805; x_wconf 86' lang='lat' dir='ltr'><strong>voluptate</strong></span> <span class='ocrx_word' id='word_1_80' title='bbox 932 1718 1138 1800; x_wconf 78' lang='lat' dir='ltr'><strong>adficiuntur,</strong></span> <span class='ocrx_word' id='word_1_81' title='bbox 1162 1717 1208 1782; x_wconf 81' lang='lat' dir='ltr'><strong>ita</strong></span> <span class='ocrx_word' id='word_1_82' title='bbox 1230 1717 1298 1804; x_wconf 87' lang='lat' dir='ltr'><strong>qui·</strong></span> 
     </span>
     <span class='ocr_line' id='line_1_13' title="bbox 145 1820 1298 1906; baseline -0.002 -22"><span class='ocrx_word' id='word_1_83' title='bbox 145 1820 229 1900; x_wconf 88' lang='lat' dir='ltr'><strong>dem,</strong></span> <span class='ocrx_word' id='word_1_84' title='bbox 257 1831 293 1886; x_wconf 88' lang='lat' dir='ltr'><strong>ut</strong></span> <span class='ocrx_word' id='word_1_85' title='bbox 316 1822 435 1887; x_wconf 87' lang='lat' dir='ltr'><strong>conscii</strong></span> <span class='ocrx_word' id='word_1_86' title='bbox 458 1821 518 1886; x_wconf 88' lang='lat' dir='ltr'><strong>sibi</strong></span> <span class='ocrx_word' id='word_1_87' title='bbox 541 1823 618 1898; x_wconf 88' lang='lat' dir='ltr'><strong>sint,</strong></span> <span class='ocrx_word' id='word_1_88' title='bbox 648 1820 758 1906; x_wconf 85' lang='lat' dir='ltr'><strong>quanti</strong></span> <span class='ocrx_word' id='word_1_89' title='bbox 781 1821 1034 1906; x_wconf 85' lang='lat' dir='ltr'><strong>omnitempore</strong></span> <span class='ocrx_word' id='word_1_90' title='bbox 1057 1822 1206 1906; x_wconf 88' lang='lat' dir='ltr'><strong>omnique</strong></span> <span class='ocrx_word' id='word_1_91' title='bbox 1228 1840 1298 1906; x_wconf 91' lang='lat' dir='ltr'><strong>per-</strong></span> 
     </span>
     <span class='ocr_line' id='line_1_14' title="bbox 142 1921 1298 2010; baseline -0.001 -24"><span class='ocrx_word' id='word_1_92' title='bbox 142 1924 286 1988; x_wconf 83' lang='lat' dir='ltr'><strong>fectionis</strong></span> <span class='ocrx_word' id='word_1_93' title='bbox 308 1924 341 1988; x_wconf 91' lang='lat' dir='ltr'><strong>in</strong></span> <span class='ocrx_word' id='word_1_94' title='bbox 370 1923 472 2010; x_wconf 79' lang='lat' dir='ltr'><strong>gradu</strong></span> <span class='ocrx_word' id='word_1_95' title='bbox 496 1921 725 2009; x_wconf 89' lang='lat' dir='ltr'><strong>discipulorum</strong></span> <span class='ocrx_word' id='word_1_96' title='bbox 752 1923 916 2010; x_wconf 87' lang='lat' dir='ltr'><strong>proprium</strong></span> <span class='ocrx_word' id='word_1_97' title='bbox 944 1923 1063 1988; x_wconf 83' lang='lat' dir='ltr'><strong>lectum</strong></span> <span class='ocrx_word' id='word_1_98' title='bbox 1093 1923 1134 1986; x_wconf 89' lang='lat' dir='ltr'><strong>sit</strong></span> <span class='ocrx_word' id='word_1_99' title='bbox 1156 1921 1189 1986; x_wconf 90' lang='lat' dir='ltr'><strong>id</strong></span> <span class='ocrx_word' id='word_1_100' title='bbox 1212 1922 1298 2008; x_wconf 90' lang='lat' dir='ltr'><strong>quod</strong></span> 
     </span>
     <span class='ocr_line' id='line_1_15' title="bbox 139 2023 1299 2114; baseline -0.002 -25"><span class='ocrx_word' id='word_1_101' title='bbox 139 2029 271 2092; x_wconf 88' lang='lat' dir='ltr'><strong>omnino</strong></span> <span class='ocrx_word' id='word_1_102' title='bbox 292 2026 455 2114; x_wconf 87' lang='lat' dir='ltr'><strong>proprium</strong></span> <span class='ocrx_word' id='word_1_103' title='bbox 479 2026 517 2089; x_wconf 92' lang='lat' dir='ltr'><strong>iis</strong></span> <span class='ocrx_word' id='word_1_104' title='bbox 540 2025 609 2088; x_wconf 87' lang='lat' dir='ltr'><strong>fieri</strong></span> <span class='ocrx_word' id='word_1_105' title='bbox 633 2023 769 2088; x_wconf 75' lang='lat' dir='ltr'><strong>deceat?</strong></span> <span class='ocrx_word' id='word_1_106' title='bbox 798 2024 885 2103; x_wconf 78' lang='lat' dir='ltr'><strong>Quid</strong></span> <span class='ocrx_word' id='word_1_107' title='bbox 913 2024 1041 2112; x_wconf 88' lang='lat' dir='ltr'><strong>quidem</strong></span> <span class='ocrx_word' id='word_1_108' title='bbox 1065 2024 1121 2104; x_wconf 89' lang='lat' dir='ltr'><strong>sit,</strong></span> <span class='ocrx_word' id='word_1_109' title='bbox 1149 2035 1186 2088; x_wconf 92' lang='lat' dir='ltr'><strong>ut</strong></span> <span class='ocrx_word' id='word_1_110' title='bbox 1206 2023 1299 2088; x_wconf 83' lang='lat' dir='ltr'><strong>brevi</strong></span> 
     </span>
     <span class='ocr_line' id='line_1_16' title="bbox 139 2125 1299 2214; baseline -0.001 -23"><span class='ocrx_word' id='word_1_111' title='bbox 139 2129 255 2206; x_wconf 88' lang='lat' dir='ltr'><strong>dicam,</strong></span> <span class='ocrx_word' id='word_1_112' title='bbox 279 2137 353 2214; x_wconf 83' lang='lat' dir='ltr'><strong>apte</strong></span> <span class='ocrx_word' id='word_1_113' title='bbox 376 2126 603 2213; x_wconf 81' lang='lat' dir='ltr'><strong>progrediundi</strong></span> <span class='ocrx_word' id='word_1_114' title='bbox 626 2126 838 2208; x_wconf 83' lang='lat' dir='ltr'><strong>indicium‘l&#39;)</strong></span> <span class='ocrx_word' id='word_1_115' title='bbox 854 2163 896 2174; x_wconf 87' lang='lat'><strong>--</strong></span> <span class='ocrx_word' id='word_1_116' title='bbox 912 2126 998 2192; x_wconf 84' lang='lat' dir='ltr'><strong>Sane</strong></span> <span class='ocrx_word' id='word_1_117' title='bbox 1022 2126 1061 2190; x_wconf 90' lang='lat' dir='ltr'><strong>ad</strong></span> <span class='ocrx_word' id='word_1_118' title='bbox 1086 2149 1124 2190; x_wconf 84' lang='lat' dir='ltr'><strong>ea</strong></span> <span class='ocrx_word' id='word_1_119' title='bbox 1147 2125 1299 2212; x_wconf 85' lang='lat' dir='ltr'><strong>quodam·</strong></span> 
     </span>
     <span class='ocr_line' id='line_1_17' title="bbox 140 2227 1300 2316; baseline -0.002 -24"><span class='ocrx_word' id='word_1_120' title='bbox 140 2228 236 2293; x_wconf 89' lang='lat' dir='ltr'><strong>modo</strong></span> <span class='ocrx_word' id='word_1_121' title='bbox 261 2251 344 2316; x_wconf 88' lang='lat' dir='ltr'><strong>quae</strong></span> <span class='ocrx_word' id='word_1_122' title='bbox 365 2232 429 2294; x_wconf 87' lang='lat' dir='ltr'><strong>iam</strong></span> <span class='ocrx_word' id='word_1_123' title='bbox 451 2239 526 2295; x_wconf 86' lang='lat' dir='ltr'><strong>ante</strong></span> <span class='ocrx_word' id='word_1_124' title='bbox 556 2227 641 2292; x_wconf 88' lang='lat' dir='ltr'><strong>dicta</strong></span> <span class='ocrx_word' id='word_1_125' title='bbox 668 2241 743 2293; x_wconf 90' lang='lat' dir='ltr'><strong>sunt</strong></span> <span class='ocrx_word' id='word_1_126' title='bbox 770 2227 853 2293; x_wconf 88' lang='lat' dir='ltr'><strong>redit</strong></span> <span class='ocrx_word' id='word_1_127' title='bbox 882 2227 1070 2316; x_wconf 81' lang='lat' dir='ltr'><strong>disputatio,</strong></span> <span class='ocrx_word' id='word_1_128' title='bbox 1100 2238 1132 2293; x_wconf 89' lang='lat' dir='ltr'><strong>et</strong></span> <span class='ocrx_word' id='word_1_129' title='bbox 1154 2227 1241 2292; x_wconf 88' lang='lat' dir='ltr'><strong>dices</strong></span> <span class='ocrx_word' id='word_1_130' title='bbox 1263 2235 1300 2291; x_wconf 89' lang='lat' dir='ltr'><strong>ut</strong></span> 
     </span>
     <span class='ocr_line' id='line_1_18' title="bbox 142 2324 1300 2418; baseline -0.001 -25"><span class='ocrx_word' id='word_1_131' title='bbox 142 2341 193 2394; x_wconf 87' lang='lat' dir='ltr'><strong>est</strong></span> <span class='ocrx_word' id='word_1_132' title='bbox 220 2330 251 2394; x_wconf 95' lang='lat' dir='ltr'><strong>in</strong></span> <span class='ocrx_word' id='word_1_133' title='bbox 280 2333 450 2416; x_wconf 88' lang='lat' dir='ltr'><strong>proverbio</strong></span> <span class='ocrx_word' id='word_1_134' title='bbox 478 2335 554 2395; x_wconf 88' lang='lat' dir='ltr'><strong>hoc:</strong></span> <span class='ocrx_word' id='word_1_135' title='bbox 584 2324 787 2396; x_wconf 77' lang='lat' dir='ltr'><strong>‘exercitatio</strong></span> <span class='ocrx_word' id='word_1_136' title='bbox 816 2341 916 2394; x_wconf 85' lang='lat' dir='ltr'><strong>artem</strong></span> <span class='ocrx_word' id='word_1_137' title='bbox 946 2325 1066 2418; x_wconf 82' lang='lat' dir='ltr'><strong>parat&#39;‚</strong></span> <span class='ocrx_word' id='word_1_138' title='bbox 1096 2367 1132 2378; x_wconf 89' lang='lat'>-</span> <span class='ocrx_word' id='word_1_139' title='bbox 1164 2339 1197 2394; x_wconf 90' lang='lat' dir='ltr'><strong>et</strong></span> <span class='ocrx_word' id='word_1_140' title='bbox 1219 2351 1300 2416; x_wconf 87' lang='lat' dir='ltr'><strong>opus</strong></span> 
     </span>
     <span class='ocr_line' id='line_1_19' title="bbox 140 2431 1299 2520; baseline 0 -25"><span class='ocrx_word' id='word_1_141' title='bbox 140 2432 289 2520; x_wconf 86' lang='lat' dir='ltr'><strong>opificem</strong></span> <span class='ocrx_word' id='word_1_142' title='bbox 313 2433 502 2514; x_wconf 82' lang='lat' dir='ltr'><strong>laudabit²).</strong></span> <span class='ocrx_word' id='word_1_143' title='bbox 520 2467 559 2480; x_wconf 84' lang='lat'><strong>—-</strong></span> <span class='ocrx_word' id='word_1_144' title='bbox 576 2435 660 2498; x_wconf 88' lang='lat' dir='ltr'><strong>Nam</strong></span> <span class='ocrx_word' id='word_1_145' title='bbox 677 2433 761 2498; x_wconf 90' lang='lat' dir='ltr'><strong>sicut</strong></span> <span class='ocrx_word' id='word_1_146' title='bbox 775 2431 889 2496; x_wconf 89' lang='lat' dir='ltr'><strong>docere</strong></span> <span class='ocrx_word' id='word_1_147' title='bbox 911 2455 1007 2518; x_wconf 93' lang='lat' dir='ltr'><strong>posse</strong></span> <span class='ocrx_word' id='word_1_148' title='bbox 1023 2433 1151 2498; x_wconf 88' lang='lat' dir='ltr'><strong>scientis</strong></span> <span class='ocrx_word' id='word_1_149' title='bbox 1170 2433 1299 2497; x_wconf 91' lang='lat' dir='ltr'><strong>omnino</strong></span> 
     </span>
     <span class='ocr_line' id='line_1_20' title="bbox 140 2531 1300 2621; baseline 0.002 -25"><span class='ocrx_word' id='word_1_150' title='bbox 140 2533 296 2598; x_wconf 85' lang='lat' dir='ltr'><strong>indicium</strong></span> <span class='ocrx_word' id='word_1_151' title='bbox 313 2537 465 2621; x_wconf 79' lang='grc' dir='ltr'><strong><em>(σημεῖον</em></strong></span> <span class='ocrx_word' id='word_1_152' title='bbox 477 2538 539 2601; x_wconf 77' lang='grc' dir='ltr'><strong>τοῦ</strong></span> <span class='ocrx_word' id='word_1_153' title='bbox 554 2531 699 2618; x_wconf 80' lang='grc' dir='ltr'><strong>εἰδότος)</strong></span> <span class='ocrx_word' id='word_1_154' title='bbox 723 2535 838 2599; x_wconf 91' lang='lat' dir='ltr'><strong>dicitnr</strong></span> <span class='ocrx_word' id='word_1_155' title='bbox 858 2555 928 2599; x_wconf 87' lang='lat' dir='ltr'><strong>esse</strong></span> <span class='ocrx_word' id='word_1_156' title='bbox 950 2533 1044 2617; x_wconf 85' lang='lat' dir='ltr'><strong>(Met.</strong></span> <span class='ocrx_word' id='word_1_157' title='bbox 1061 2536 1087 2618; x_wconf 89' lang='lat' dir='ltr'><strong>l,</strong></span> <span class='ocrx_word' id='word_1_158' title='bbox 1109 2531 1133 2598; x_wconf 92' lang='lat' dir='ltr'><strong>l.</strong></span> <span class='ocrx_word' id='word_1_159' title='bbox 1149 2535 1300 2615; x_wconf 78' lang='lat' dir='ltr'>981b7):</span> 
     </span>
     <span class='ocr_line' id='line_1_21' title="bbox 141 2635 1302 2725; baseline 0.001 -26"><span class='ocrx_word' id='word_1_160' title='bbox 141 2635 189 2699; x_wconf 93' lang='lat' dir='ltr'><strong>sic</strong></span> <span class='ocrx_word' id='word_1_161' title='bbox 212 2635 357 2722; x_wconf 88' lang='lat' dir='ltr'><strong>discipuli</strong></span> <span class='ocrx_word' id='word_1_162' title='bbox 374 2659 450 2702; x_wconf 87' lang='lat' dir='ltr'><strong>vere</strong></span> <span class='ocrx_word' id='word_1_163' title='bbox 469 2637 628 2720; x_wconf 86' lang='lat' dir='ltr'><strong>discentis,</strong></span> <span class='ocrx_word' id='word_1_164' title='bbox 652 2661 724 2704; x_wconf 89' lang='lat' dir='ltr'><strong>oum</strong></span> <span class='ocrx_word' id='word_1_165' title='bbox 749 2637 924 2702; x_wconf 85' lang='lat' dir='ltr'><strong>doctrinam</strong></span> <span class='ocrx_word' id='word_1_166' title='bbox 949 2638 1040 2724; x_wconf 82' lang='lat' dir='ltr'><strong>qussi</strong></span> <span class='ocrx_word' id='word_1_167' title='bbox 1063 2637 1190 2725; x_wconf 82' lang='lat' dir='ltr'><strong>agendo</strong></span> <span class='ocrx_word' id='word_1_168' title='bbox 1212 2657 1302 2722; x_wconf 82' lang='lat' dir='ltr'><strong>proe-</strong></span> 
     </span>
     <span class='ocr_line' id='line_1_22' title="bbox 143 2735 1301 2828; baseline 0.002 -27"><span class='ocrx_word' id='word_1_169' title='bbox 143 2749 229 2802; x_wconf 83' lang='lat' dir='ltr'><strong>stare</strong></span> <span class='ocrx_word' id='word_1_170' title='bbox 251 2740 362 2825; x_wconf 89' lang='lat' dir='ltr'><strong>possit.</strong></span> <span class='ocrx_word' id='word_1_171' title='bbox 397 2740 477 2804; x_wconf 90' lang='lat' dir='ltr'><strong>Inde</strong></span> <span class='ocrx_word' id='word_1_172' title='bbox 494 2741 684 2805; x_wconf 78' lang='lat' dir='ltr'><strong>Aristoteles</strong></span> <span class='ocrx_word' id='word_1_173' title='bbox 704 2741 798 2824; x_wconf 88' lang='lat' dir='ltr'><strong>(Met.</strong></span> <span class='ocrx_word' id='word_1_174' title='bbox 818 2739 879 2821; x_wconf 84' lang='lat' dir='ltr'><strong>lx,</strong></span> <span class='ocrx_word' id='word_1_175' title='bbox 896 2741 926 2804; x_wconf 90' lang='lat'><strong>8.</strong></span> <span class='ocrx_word' id='word_1_176' title='bbox 954 2743 1115 2806; x_wconf 76' lang='lat' dir='ltr'><strong>1050a1t</strong></span> <span class='ocrx_word' id='word_1_177' title='bbox 1130 2743 1234 2828; x_wconf 86' lang='lat' dir='ltr'><strong>sqq.):</strong></span> <span class='ocrx_word' id='word_1_178' title='bbox 1262 2735 1301 2804; x_wconf 87' lang='lat' dir='ltr'><strong>ad</strong></span> 
     </span>
     <span class='ocr_line' id='line_1_23' title="bbox 145 2836 1302 2930; baseline -0.001 -24"><span class='ocrx_word' id='word_1_179' title='bbox 145 2839 209 2927; x_wconf 74' lang='lat' dir='ltr'><strong>yolo</strong></span> <span class='ocrx_word' id='word_1_180' title='bbox 232 2836 328 2928; x_wconf 75' lang='grc' dir='ltr'><strong><em>ἔργον</em></strong></span> <span class='ocrx_word' id='word_1_181' title='bbox 349 2841 459 2921; x_wconf 76' lang='grc' dir='ltr'><strong><em>τέλος,</em></strong></span> <span class='ocrx_word' id='word_1_182' title='bbox 482 2836 505 2930; x_wconf 84' lang='grc' dir='ltr'><strong><em>ἡ</em></strong></span> <span class='ocrx_word' id='word_1_183' title='bbox 527 2841 565 2909; x_wconf 77' lang='grc' dir='ltr'><strong>δὲ</strong></span> <span class='ocrx_word' id='word_1_184' title='bbox 587 2841 736 2928; x_wconf 77' lang='grc' dir='ltr'><strong><em>ἐνέργεια</em></strong></span> <span class='ocrx_word' id='word_1_185' title='bbox 757 2841 796 2908; x_wconf 86' lang='grc' dir='ltr'><strong>τὸ</strong></span> <span class='ocrx_word' id='word_1_186' title='bbox 819 2837 923 2930; x_wconf 75' lang='grc' dir='ltr'><strong><em>ἔργον.</em></strong></span> <span class='ocrx_word' id='word_1_187' title='bbox 955 2881 992 2890; x_wconf 93' lang='grc'>-</span> <span class='ocrx_word' id='word_1_188' title='bbox 1022 2845 1069 2909; x_wconf 87' lang='lat' dir='ltr'><strong>At</strong></span> <span class='ocrx_word' id='word_1_189' title='bbox 1097 2843 1183 2910; x_wconf 89' lang='lat' dir='ltr'><strong>enim</strong></span> <span class='ocrx_word' id='word_1_190' title='bbox 1208 2844 1302 2906; x_wconf 87' lang='lat' dir='ltr'><strong>homo</strong></span> 
     </span>
     <span class='ocr_line' id='line_1_24' title="bbox 147 2939 1306 3034; baseline 0.002 -26"><span class='ocrx_word' id='word_1_191' title='bbox 147 2943 303 3008; x_wconf 83' lang='lat' dir='ltr'><strong>Peusonis</strong></span> <span class='ocrx_word' id='word_1_192' title='bbox 325 2944 494 3028; x_wconf 87' lang='lat' dir='ltr'><strong>persimilis</strong></span> <span class='ocrx_word' id='word_1_193' title='bbox 517 2957 565 3011; x_wconf 90' lang='lat' dir='ltr'><strong>est</strong></span> <span class='ocrx_word' id='word_1_194' title='bbox 587 2947 632 3010; x_wconf 94' lang='lat' dir='ltr'><strong>illi</strong></span> <span class='ocrx_word' id='word_1_195' title='bbox 657 2947 832 3028; x_wconf 84' lang='lat' dir='ltr'><strong>Mercurio,</strong></span> <span class='ocrx_word' id='word_1_196' title='bbox 855 2949 887 3011; x_wconf 90' lang='lat' dir='ltr'><strong>in</strong></span> <span class='ocrx_word' id='word_1_197' title='bbox 912 2969 974 3033; x_wconf 89' lang='lat' dir='ltr'><strong>quo</strong></span> <span class='ocrx_word' id='word_1_198' title='bbox 998 2967 1061 3011; x_wconf 91' lang='lat' dir='ltr'><strong>non</strong></span> <span class='ocrx_word' id='word_1_199' title='bbox 1083 2947 1188 3034; x_wconf 87' lang='lat' dir='ltr'><strong>patuit</strong></span> <span class='ocrx_word' id='word_1_200' title='bbox 1212 2983 1248 2992; x_wconf 86' lang='lat'><strong>-</strong></span> <span class='ocrx_word' id='word_1_201' title='bbox 1274 2939 1306 3010; x_wconf 78' lang='lat' dir='ltr'><strong>si</strong></span> 
     </span>
     <span class='ocr_line' id='line_1_25' title="bbox 146 3039 1300 3136; baseline 0.002 -27"><span class='ocrx_word' id='word_1_202' title='bbox 146 3042 212 3111; x_wconf 85' lang='grc' dir='ltr'><strong>ἔσω</strong></span> <span class='ocrx_word' id='word_1_203' title='bbox 233 3039 255 3132; x_wconf 79' lang='grc' dir='ltr'>ἢ</span> <span class='ocrx_word' id='word_1_204' title='bbox 277 3041 341 3125; x_wconf 64' lang='grc' dir='ltr'><strong>ἔξω</strong></span> <span class='ocrx_word' id='word_1_205' title='bbox 362 3041 383 3134; x_wconf 82' lang='grc' dir='ltr'><em>ἦ</em></span> <span class='ocrx_word' id='word_1_206' title='bbox 406 3043 571 3136; x_wconf 75' lang='grc' dir='ltr'><strong>ἐπιστήμη</strong></span> <span class='ocrx_word' id='word_1_207' title='bbox 589 3087 625 3096; x_wconf 92' lang='lat'><strong>—-</strong></span> <span class='ocrx_word' id='word_1_208' title='bbox 643 3061 751 3114; x_wconf 89' lang='lat' dir='ltr'><strong>utrum</strong></span> <span class='ocrx_word' id='word_1_209' title='bbox 774 3050 859 3114; x_wconf 85' lang='lat' dir='ltr'><strong>intra</strong></span> <span class='ocrx_word' id='word_1_210' title='bbox 882 3073 922 3114; x_wconf 91' lang='lat' dir='ltr'><strong>an</strong></span> <span class='ocrx_word' id='word_1_211' title='bbox 946 3060 1038 3115; x_wconf 84' lang='lat' dir='ltr'><strong>extra</strong></span> <span class='ocrx_word' id='word_1_212' title='bbox 1059 3051 1100 3114; x_wconf 89' lang='lat' dir='ltr'><strong>sit</strong></span> <span class='ocrx_word' id='word_1_213' title='bbox 1118 3048 1245 3129; x_wconf 81' lang='lat' dir='ltr'><strong>deus⁸).</strong></span> <span class='ocrx_word' id='word_1_214' title='bbox 1264 3083 1300 3094; x_wconf 91' lang='lat'><em>-</em></span> 
     </span>
     <span class='ocr_line' id='line_1_26' title="bbox 148 3146 1306 3240; baseline 0.001 -29"><span class='ocrx_word' id='word_1_215' title='bbox 148 3146 255 3225; x_wconf 77' lang='lat' dir='ltr'><strong>Quem</strong></span> <span class='ocrx_word' id='word_1_216' title='bbox 277 3149 318 3213; x_wconf 93' lang='lat' dir='ltr'><strong>ob</strong></span> <span class='ocrx_word' id='word_1_217' title='bbox 341 3171 408 3214; x_wconf 90' lang='lat' dir='ltr'><strong>rem</strong></span> <span class='ocrx_word' id='word_1_218' title='bbox 433 3152 517 3216; x_wconf 85' lang='lat' dir='ltr'><strong>haud</strong></span> <span class='ocrx_word' id='word_1_219' title='bbox 539 3152 632 3240; x_wconf 87' lang='lat' dir='ltr'><strong>parvi</strong></span> <span class='ocrx_word' id='word_1_220' title='bbox 653 3157 806 3218; x_wconf 88' lang='lat' dir='ltr'><strong>momenti</strong></span> <span class='ocrx_word' id='word_1_221' title='bbox 829 3161 887 3234; x_wconf 89' lang='lat' dir='ltr'><strong>est,</strong></span> <span class='ocrx_word' id='word_1_222' title='bbox 914 3152 1000 3240; x_wconf 91' lang='lat' dir='ltr'><strong>quod</strong></span> <span class='ocrx_word' id='word_1_223' title='bbox 1022 3151 1143 3217; x_wconf 85' lang='lat' dir='ltr'><strong>Noster</strong></span> <span class='ocrx_word' id='word_1_224' title='bbox 1164 3152 1186 3215; x_wconf 87' lang='lat' dir='ltr'><strong>l.</strong></span> <span class='ocrx_word' id='word_1_225' title='bbox 1208 3150 1229 3214; x_wconf 92' lang='lat' dir='ltr'><strong>l.</strong></span> <span class='ocrx_word' id='word_1_226' title='bbox 1252 3147 1306 3212; x_wconf 89' lang='lat' dir='ltr'><strong>do·</strong></span> 
     </span>
     <span class='ocr_line' id='line_1_27' title="bbox 149 3249 1304 3343; baseline -0.001 -30"><span class='ocrx_word' id='word_1_227' title='bbox 149 3251 231 3314; x_wconf 87' lang='lat' dir='ltr'><strong>cuit:</strong></span> <span class='ocrx_word' id='word_1_228' title='bbox 255 3249 406 3318; x_wconf 86' lang='lat' dir='ltr'><strong>docentes</strong></span> <span class='ocrx_word' id='word_1_229' title='bbox 421 3253 684 3342; x_wconf 86' lang='lat' dir='ltr'><strong>institutoresque</strong></span> <span class='ocrx_word' id='word_1_230' title='bbox 699 3265 767 3320; x_wconf 86' lang='lat' dir='ltr'><strong>tum</strong></span> <span class='ocrx_word' id='word_1_231' title='bbox 786 3256 983 3343; x_wconf 89' lang='lat' dir='ltr'><strong>propositum</strong></span> <span class='ocrx_word' id='word_1_232' title='bbox 1000 3253 1175 3317; x_wconf 79' lang='lat' dir='ltr'><strong>absolvisse</strong></span> <span class='ocrx_word' id='word_1_233' title='bbox 1190 3259 1304 3337; x_wconf 83' lang='lat' dir='ltr'><strong>putere</strong></span> 
     </span>
     <span class='ocr_line' id='line_1_28' title="bbox 147 3347 1304 3452; baseline 0 -36"><span class='ocrx_word' id='word_1_234' title='bbox 147 3349 202 3434; x_wconf 82' lang='lat' dir='ltr'><strong>(ad</strong></span> <span class='ocrx_word' id='word_1_235' title='bbox 216 3349 313 3431; x_wconf 77' lang='grc' dir='ltr'><strong><em>τέλος</em></strong></span> <span class='ocrx_word' id='word_1_236' title='bbox 327 3347 606 3439; x_wconf 74' lang='grc' dir='ltr'><strong><em>ἀποδεδωκέναι),</em></strong></span> <span class='ocrx_word' id='word_1_237' title='bbox 630 3358 683 3452; x_wconf 58' lang='lat' dir='ltr'><strong>ulpi</strong></span> <span class='ocrx_word' id='word_1_238' title='bbox 708 3357 881 3424; x_wconf 86' lang='lat' dir='ltr'><strong>discentem</strong></span> <span class='ocrx_word' id='word_1_239' title='bbox 904 3355 1072 3420; x_wconf 87' lang='lat' dir='ltr'><strong>ostendere</strong></span> <span class='ocrx_word' id='word_1_240' title='bbox 1091 3349 1217 3440; x_wconf 89' lang='lat' dir='ltr'><strong>possint</strong></span> <span class='ocrx_word' id='word_1_241' title='bbox 1231 3373 1304 3438; x_wconf 88' lang='lat' dir='ltr'><strong>opa-</strong></span> 
     </span>
     <span class='ocr_line' id='line_1_29' title="bbox 148 3452 1305 3544; baseline 0.003 -27"><span class='ocrx_word' id='word_1_242' title='bbox 148 3466 272 3520; x_wconf 87' lang='lat' dir='ltr'><strong>rantem</strong></span> <span class='ocrx_word' id='word_1_243' title='bbox 296 3452 532 3541; x_wconf 70' lang='lat' dir='ltr'><strong>(temporinos).</strong></span> <span class='ocrx_word' id='word_1_244' title='bbox 568 3459 641 3539; x_wconf 81' lang='lat' dir='ltr'><strong>Qua</strong></span> <span class='ocrx_word' id='word_1_245' title='bbox 658 3481 722 3525; x_wconf 72' lang='lat' dir='ltr'><strong>urna</strong></span> <span class='ocrx_word' id='word_1_246' title='bbox 743 3461 777 3524; x_wconf 95' lang='lat' dir='ltr'><strong>in</strong></span> <span class='ocrx_word' id='word_1_247' title='bbox 798 3481 835 3522; x_wconf 85' lang='lat' dir='ltr'><strong>re</strong></span> <span class='ocrx_word' id='word_1_248' title='bbox 853 3457 1060 3544; x_wconf 87' lang='lat' dir='ltr'><strong>philosophus</strong></span> <span class='ocrx_word' id='word_1_249' title='bbox 1083 3464 1191 3519; x_wconf 85' lang='lat' dir='ltr'><strong>noster</strong></span> <span class='ocrx_word' id='word_1_250' title='bbox 1214 3455 1305 3542; x_wconf 86' lang='lat' dir='ltr'><strong>quasi</strong></span> 
     </span>
     <span class='ocr_line' id='line_1_30' title="bbox 147 3555 1306 3648; baseline 0.003 -29"><span class='ocrx_word' id='word_1_251' title='bbox 147 3565 234 3620; x_wconf 85' lang='lat' dir='ltr'><strong>totus</strong></span> <span class='ocrx_word' id='word_1_252' title='bbox 257 3557 362 3621; x_wconf 91' lang='lat' dir='ltr'><strong>inesse</strong></span> <span class='ocrx_word' id='word_1_253' title='bbox 384 3561 501 3644; x_wconf 88' lang='lat' dir='ltr'><strong>poterit</strong></span> <span class='ocrx_word' id='word_1_254' title='bbox 523 3560 633 3626; x_wconf 83' lang='lat' dir='ltr'><strong>videri.</strong></span> <span class='ocrx_word' id='word_1_255' title='bbox 673 3561 736 3640; x_wconf 80' lang='lat' dir='ltr'><strong>Qui</strong></span> <span class='ocrx_word' id='word_1_256' title='bbox 759 3561 887 3648; x_wconf 88' lang='lat' dir='ltr'><strong>quidem</strong></span> <span class='ocrx_word' id='word_1_257' title='bbox 908 3568 1053 3622; x_wconf 87' lang='lat' dir='ltr'><strong>nontam</strong></span> <span class='ocrx_word' id='word_1_258' title='bbox 1070 3555 1188 3644; x_wconf 90' lang='lat' dir='ltr'><strong>agendi</strong></span> <span class='ocrx_word' id='word_1_259' title='bbox 1209 3557 1306 3622; x_wconf 79' lang='lat' dir='ltr'><strong>facul·</strong></span> 
     </span>
     <span class='ocr_line' id='line_1_31' title="bbox 147 3659 1307 3748; baseline 0.002 -26"><span class='ocrx_word' id='word_1_260' title='bbox 147 3669 247 3724; x_wconf 86' lang='lat' dir='ltr'><strong>tatem</strong></span> <span class='ocrx_word' id='word_1_261' title='bbox 271 3681 367 3745; x_wconf 83' lang='lat' dir='ltr'><strong>quam</strong></span> <span class='ocrx_word' id='word_1_262' title='bbox 395 3659 496 3746; x_wconf 91' lang='lat' dir='ltr'><strong>ipsam</strong></span> <span class='ocrx_word' id='word_1_263' title='bbox 527 3664 685 3728; x_wconf 86' lang='lat' dir='ltr'><strong>actionem</strong></span> <span class='ocrx_word' id='word_1_264' title='bbox 715 3674 747 3729; x_wconf 92' lang='lat' dir='ltr'><strong>et</strong></span> <span class='ocrx_word' id='word_1_265' title='bbox 775 3685 845 3726; x_wconf 84' lang='lat' dir='ltr'><strong>eam</strong></span> <span class='ocrx_word' id='word_1_266' title='bbox 872 3661 973 3748; x_wconf 88' lang='lat' dir='ltr'><strong>ipsius</strong></span> <span class='ocrx_word' id='word_1_267' title='bbox 1003 3660 1128 3745; x_wconf 80' lang='lat' dir='ltr'><strong>agentis</strong></span> <span class='ocrx_word' id='word_1_268' title='bbox 1150 3659 1307 3745; x_wconf 87' lang='lat' dir='ltr'><strong>praestari</strong></span> 
     </span>
     <span class='ocr_line' id='line_1_32' title="bbox 147 3759 1305 3851; baseline 0.002 -27"><span class='ocrx_word' id='word_1_269' title='bbox 147 3762 227 3844; x_wconf 87' lang='lat' dir='ltr'><strong>vult,</strong></span> <span class='ocrx_word' id='word_1_270' title='bbox 251 3759 334 3826; x_wconf 91' lang='lat' dir='ltr'><strong>unde</strong></span> <span class='ocrx_word' id='word_1_271' title='bbox 355 3783 526 3848; x_wconf 88' lang='lat' dir='ltr'><strong>processus</strong></span> <span class='ocrx_word' id='word_1_272' title='bbox 541 3765 624 3832; x_wconf 85' lang='lat' dir='ltr'><strong>effici</strong></span> <span class='ocrx_word' id='word_1_273' title='bbox 641 3777 672 3830; x_wconf 88' lang='lat' dir='ltr'><strong>et</strong></span> <span class='ocrx_word' id='word_1_274' title='bbox 687 3788 725 3830; x_wconf 86' lang='lat' dir='ltr'><strong>ea</strong></span> <span class='ocrx_word' id='word_1_275' title='bbox 741 3763 970 3851; x_wconf 81' lang='lat' dir='ltr'><strong>progrediendi</strong></span> <span class='ocrx_word' id='word_1_276' title='bbox 986 3761 1133 3828; x_wconf 75' lang='lat' dir='ltr'><strong>alacritas</strong></span> <span class='ocrx_word' id='word_1_277' title='bbox 1149 3760 1305 3848; x_wconf 74' lang='lat' dir='ltr'><strong>videatur,</strong></span> 
     </span>
     <span class='ocr_line' id='line_1_33' title="bbox 149 3863 1306 3950; baseline 0.001 -21"><span class='ocrx_word' id='word_1_278' title='bbox 149 3887 214 3950; x_wconf 87' lang='lat' dir='ltr'><strong>qua</strong></span> <span class='ocrx_word' id='word_1_279' title='bbox 236 3863 333 3928; x_wconf 82' lang='lat' dir='ltr'><strong>enimi</strong></span> <span class='ocrx_word' id='word_1_280' title='bbox 355 3865 447 3950; x_wconf 80' lang='lat' dir='ltr'><strong>quasi</strong></span> <span class='ocrx_word' id='word_1_281' title='bbox 470 3865 603 3932; x_wconf 88' lang='lat' dir='ltr'><strong>stimulis</strong></span> <span class='ocrx_word' id='word_1_282' title='bbox 627 3867 834 3932; x_wconf 87' lang='lat' dir='ltr'><strong>concitentur.</strong></span> <span class='ocrx_word' id='word_1_283' title='bbox 876 3864 950 3943; x_wconf 78' lang='lat' dir='ltr'><strong>Qua</strong></span> <span class='ocrx_word' id='word_1_284' title='bbox 970 3865 1003 3929; x_wconf 94' lang='lat' dir='ltr'><strong>in</strong></span> <span class='ocrx_word' id='word_1_285' title='bbox 1026 3888 1061 3930; x_wconf 90' lang='lat' dir='ltr'><strong>re</strong></span> <span class='ocrx_word' id='word_1_286' title='bbox 1085 3865 1198 3930; x_wconf 82' lang='lat' dir='ltr'><strong>eadem</strong></span> <span class='ocrx_word' id='word_1_287' title='bbox 1220 3865 1306 3932; x_wconf 86' lang='lat' dir='ltr'><strong>valet</strong></span> 
     </span>
     <span class='ocr_line' id='line_1_34' title="bbox 152 3966 1306 4052; baseline 0.004 -23"><span class='ocrx_word' id='word_1_288' title='bbox 152 3966 332 4032; x_wconf 86' lang='lat' dir='ltr'><strong>differentia</strong></span> <span class='ocrx_word' id='word_1_289' title='bbox 355 3989 437 4052; x_wconf 87' lang='lat' dir='ltr'><strong>quae</strong></span> <span class='ocrx_word' id='word_1_290' title='bbox 460 3968 522 4032; x_wconf 85' lang='lat' dir='ltr'><strong>clio</strong></span> <span class='ocrx_word' id='word_1_291' title='bbox 545 3969 615 4034; x_wconf 91' lang='lat' dir='ltr'><strong>loco</strong></span> <span class='ocrx_word' id='word_1_292' title='bbox 629 3968 695 4052; x_wconf 89' lang='lat' dir='ltr'><strong>&#39;(de</strong></span> <span class='ocrx_word' id='word_1_293' title='bbox 713 3991 765 4034; x_wconf 79' lang='lat' dir='ltr'><strong>an.</strong></span> <span class='ocrx_word' id='word_1_294' title='bbox 783 3968 826 4047; x_wconf 84' lang='grc' dir='ltr'><strong>ΙΙ,</strong></span> <span class='ocrx_word' id='word_1_295' title='bbox 847 3970 879 4049; x_wconf 88' lang='lat'><strong>1)</strong></span> <span class='ocrx_word' id='word_1_296' title='bbox 907 3967 1062 4032; x_wconf 86' lang='lat' dir='ltr'><strong>interesse</strong></span> <span class='ocrx_word' id='word_1_297' title='bbox 1085 3967 1200 4034; x_wconf 87' lang='lat' dir='ltr'><strong>dicitur</strong></span> <span class='ocrx_word' id='word_1_298' title='bbox 1222 3968 1306 4034; x_wconf 86' lang='lat' dir='ltr'><strong>inter</strong></span> 
     </span>
    </p>
   </div>
   <div class='ocr_carea' id='block_1_4' title="bbox 225 4231 520 4385">
    <p class='ocr_par' dir='ltr' id='par_1_4' title="bbox 225 4231 520 4385">
     <span class='ocr_line' id='line_1_35' title="bbox 227 4231 428 4299; baseline 0.005 -17"><span class='ocrx_word' id='word_1_299' title='bbox 227 4231 244 4296; x_wconf 85' lang='lat'><strong>¹)</strong></span> <span class='ocrx_word' id='word_1_300' title='bbox 264 4233 298 4283; x_wconf 81' lang='lat' dir='ltr'><strong>cf</strong></span> <span class='ocrx_word' id='word_1_301' title='bbox 315 4233 378 4294; x_wconf 73' lang='lat'><strong>§22</strong></span> <span class='ocrx_word' id='word_1_302' title='bbox 390 4249 428 4299; x_wconf 82' lang='lat' dir='ltr'><strong>sq.</strong></span> 
     </span>
     <span class='ocr_line' id='line_1_36' title="bbox 225 4318 520 4385; baseline 0 -15"><span class='ocrx_word' id='word_1_303' title='bbox 225 4318 246 4384; x_wconf 81' lang='lat'><strong>²)</strong></span> <span class='ocrx_word' id='word_1_304' title='bbox 264 4321 359 4385; x_wconf 75' lang='lat' dir='ltr'><strong>Tacit,</strong></span> <span class='ocrx_word' id='word_1_305' title='bbox 378 4321 465 4374; x_wconf 75' lang='lat' dir='ltr'><strong>eam.</strong></span> <span class='ocrx_word' id='word_1_306' title='bbox 477 4319 520 4373; x_wconf 79' lang='lat'><strong>24.</strong></span> 
     </span>
    </p>
   </div>
   <div class='ocr_carea' id='block_1_5' title="bbox 154 4405 1306 4545">
    <p class='ocr_par' dir='ltr' id='par_1_5' title="bbox 154 4405 1306 4545">
     <span class='ocr_line' id='line_1_37' title="bbox 227 4405 1306 4482; baseline 0.01 -25"><span class='ocrx_word' id='word_1_307' title='bbox 227 4405 246 4470; x_wconf 81' lang='lat'><strong>³)</strong></span> <span class='ocrx_word' id='word_1_308' title='bbox 265 4407 303 4461; x_wconf 65' lang='grc' dir='ltr'><strong>(δ’.</strong></span> <span class='ocrx_word' id='word_1_309' title='bbox 322 4407 409 4459; x_wconf 77' lang='lat' dir='ltr'><strong>Schol.</strong></span> <span class='ocrx_word' id='word_1_310' title='bbox 428 4425 451 4459; x_wconf 75' lang='lat' dir='ltr'><strong>a</strong></span> <span class='ocrx_word' id='word_1_311' title='bbox 469 4408 485 4457; x_wconf 92' lang='lat' dir='ltr'><strong>l.</strong></span> <span class='ocrx_word' id='word_1_312' title='bbox 504 4407 522 4458; x_wconf 89' lang='lat' dir='ltr'><strong>l.</strong></span> <span class='ocrx_word' id='word_1_313' title='bbox 542 4407 614 4472; x_wconf 80' lang='lat' dir='ltr'><strong>(Met.</strong></span> <span class='ocrx_word' id='word_1_314' title='bbox 635 4407 681 4470; x_wconf 84' lang='lat' dir='ltr'><strong>lx,</strong></span> <span class='ocrx_word' id='word_1_315' title='bbox 700 4409 724 4462; x_wconf 92' lang='lat'><strong>8.</strong></span> <span class='ocrx_word' id='word_1_316' title='bbox 745 4410 836 4466; x_wconf 79' lang='grc' dir='ltr'><strong>105οο</strong></span> <span class='ocrx_word' id='word_1_317' title='bbox 849 4413 963 4479; x_wconf 80' lang='lat'><strong>16-23)</strong></span> <span class='ocrx_word' id='word_1_318' title='bbox 982 4429 1007 4482; x_wconf 83' lang='lat' dir='ltr'><strong>p.</strong></span> <span class='ocrx_word' id='word_1_319' title='bbox 1022 4413 1095 4468; x_wconf 72' lang='lat' dir='ltr'><strong>idda</strong></span> <span class='ocrx_word' id='word_1_320' title='bbox 1111 4413 1144 4466; x_wconf 86' lang='lat'><strong>31</strong></span> <span class='ocrx_word' id='word_1_321' title='bbox 1157 4413 1207 4464; x_wconf 81' lang='lat' dir='ltr'><strong>—l</strong></span> <span class='ocrx_word' id='word_1_322' title='bbox 1220 4415 1254 4470; x_wconf 78' lang='lat'><strong>12</strong></span> <span class='ocrx_word' id='word_1_323' title='bbox 1266 4416 1306 4468; x_wconf 84' lang='lat' dir='ltr'><strong>ed.</strong></span> 
     </span>
     <span class='ocr_line' id='line_1_38' title="bbox 154 4495 290 4545; baseline 0 0"><span class='ocrx_word' id='word_1_324' title='bbox 154 4495 237 4545; x_wconf 79' lang='lat' dir='ltr'><strong>Acad.</strong></span> <span class='ocrx_word' id='word_1_325' title='bbox 256 4521 290 4532; x_wconf 92' lang='lat'><strong>·—</strong></span> 
     </span>
    </p>
   </div>
   <div class='ocr_carea' id='block_1_6' title="bbox 0 0 1608 5246">
    <p class='ocr_par' dir='ltr' id='par_1_6' title="bbox 0 0 1608 5246">
     <span class='ocr_line' id='line_1_39' title="bbox 0 0 1608 5246; baseline 0 0"><span class='ocrx_word' id='word_1_326' title='bbox 0 0 1608 5246; x_wconf 95' lang='lat' dir='ltr'><strong> </strong></span> 
     </span>
    </p>
   </div>
  </div>
 </body>
</html>
