3156 5246
809 441 1019 508 -52-

336 616 446 705 exta).
468 617 541 684 Nec
557 639 634 683 vcro
651 614 757 684 omnia
773 615 920 682 omnibus
937 615 1016 682 locis
1036 615 1228 704 explicanda
1244 623 1277 682 et
1292 616 1491 706 expediunda

336 732 424 788 sunt:
450 723 511 788 erit
533 723 669 788 fortasse
692 729 725 786 et
746 718 822 786 alibi
844 717 936 785 nobis
953 719 992 784 de
1008 719 1069 786 hac
1092 719 1294 788 distinctione
1318 720 1491 790 disserendi

333 823 435 890 locus.
480 825 518 892 Id
546 834 654 891 tamen
684 846 725 890 ex
752 823 790 889 iis
818 845 901 910 quae
929 821 1024 888 modo
1057 823 1221 890 attulimus
1250 825 1327 891 satis
1359 834 1490 906 constat,

335 926 455 994 habere
484 951 543 994 nos
571 928 734 1016 proprium
758 925 879 1014 aliquid
907 950 948 992 ex
970 926 1082 992 Nostri
1105 926 1278 1011 sententia,
1307 929 1391 1016 quod
1425 953 1491 994 cum

334 1029 376 1095 ad
411 1032 674 1098 consuetudinem
706 1029 793 1096 illam
827 1023 1002 1114 (ἐθισμόν,
1038 1029 1109 1096 Pol.
1132 1030 1195 1114 IV,
1228 1031 1266 1096 13
1293 1035 1394 1116 extr.)
1429 1039 1491 1098 tum

333 1133 373 1198 ad
398 1155 468 1198 eam
491 1134 588 1200 animi
610 1134 740 1201 humani
767 1134 1051 1200 commutationem
1079 1144 1217 1223 spectet,
1240 1155 1304 1222 qua
1326 1135 1353 1200 is
1374 1136 1490 1222 probus

334 1237 551 1321 (σπουδαῖος)
580 1249 613 1304 et
641 1238 703 1304 dici
733 1246 765 1302 et
792 1238 862 1304 fieri
895 1238 1026 1322 debeat,
1061 1239 1111 1304 cui
1136 1236 1169 1302 id
1195 1236 1281 1325 quod
1308 1248 1429 1321 natura
1457 1261 1490 1303 ac

331 1361 367 1404 re
393 1361 471 1406 vera
500 1340 683 1407 inveniatur
714 1341 851 1422 bonum,
882 1341 1001 1412 bonum
1032 1351 1063 1406 et
1090 1339 1266 1406 iucundum
1299 1340 1341 1408 sit
1372 1363 1434 1430 per
1461 1364 1491 1407 se

331 1443 445 1531 ipsum.
480 1443 572 1527 (Eth.
591 1443 633 1509 N.
649 1443 711 1526 IX,
727 1445 758 1511 9.
784 1445 895 1510 117οο
913 1445 951 1510 14
967 1467 1054 1532 sqq.:
1077 1440 1117 1510 τὸ
1139 1441 1201 1532 γὰρ
1223 1447 1265 1533 τῇ
1286 1439 1388 1533 φύσει
1411 1438 1491 1533 ἄγα-

331 1547 397 1616 θόν
425 1543 569 1636 εἴρηται,
605 1541 660 1612 ὅτι
686 1549 732 1635 τῷ
760 1543 938 1637 σπουδαίῳ
965 1542 1101 1633 ἀγαθὰν
1134 1545 1192 1614 καὶ
1218 1541 1283 1635 ἡδύ
1314 1547 1385 1616 ε’στι
1414 1543 1488 1618 καθ’

331 1647 443 1736 aava.)
465 1655 481 1736 )
507 1687 544 1700 -

414 1858 465 1924 28.
488 1857 554 1923 Per
575 1866 675 1924 totam
698 1858 880 1948 philosophi
897 1858 999 1925 nostri
1015 1859 1054 1925 de
1069 1859 1213 1926 moribus
1236 1860 1418 1928 doctrinam
1439 1861 1487 1928 illa

256 2041 258 2046 ι
283 1947 286 1954 ’
329 1971 421 2050 patet
442 1962 636 2050 gravissima
657 1962 827 2045 sententia,
853 1985 935 2050 quae
951 1962 971 2026 l.
986 1963 1009 2027 l.
1026 1963 1133 2029 verbis
1150 1985 1303 2051 expressa
1325 1973 1386 2048 est,
1410 1987 1485 2053 quae

329 2077 404 2132 sunt
431 2060 489 2133 διὰ
517 2062 576 2153 τὴν
604 2059 723 2155 ἀρετήν
749 2065 831 2149 (scil.
858 2062 918 2153 τήν
943 2059 1100 2154 ἠθικήν),
1135 2066 1250 2153 quibus
1286 2067 1485 2134 commutatio

329 2169 528 2257 significatur
555 2169 596 2235 ad
631 2170 728 2237 animi
764 2171 963 2235 honestatem
993 2167 1229 2258 conparandam
1265 2209 1302 2218 -
1339 2171 1397 2256 (τά
1429 2171 1485 2259 γὰρ

329 2269 393 2362 ἔθη
414 2274 613 2359 pecorini-civ
635 2274 754 2356 ποιεῖ).
774 2311 810 2320 -
829 2272 904 2338 Non
928 2273 1004 2338 satis
1028 2295 1098 2338 csse
1120 2273 1312 2340 Aristoteles
1335 2286 1429 2362 putat
1449 2275 1485 2342 ad

314 2377 547 2464 ogencrandam
570 2377 722 2444 virtutem
743 2398 781 2440 ea
797 2397 881 2462 quae
903 2375 1029 2440 virtutis
1052 2387 1126 2441 sunt
1149 2373 1303 2460 (δικαίως
1318 2371 1341 2468 ἢ
1355 2375 1482 2470 σωφρό-

326 2483 405 2564 νως)
429 2503 526 2569 agere
556 2480 646 2564 (Eth.
667 2481 709 2546 N.
733 2479 778 2560 II,
801 2481 830 2544 3.
858 2477 1022 2543 1105a28
1045 2482 1147 2568 sqq.):
1182 2476 1270 2548 ἀλλὰ
1297 2482 1355 2550 καὶ
1382 2481 1439 2550 aa
1465 2475 1479 2546 i

329 2581 485 2674 πράττων
503 2607 576 2664 πως
593 2579 674 2666 ἔχων
693 2575 834 2670 πράττῃ.
856 2619 896 2628 -
917 2582 950 2646 Is
973 2581 1071 2668 igitur
1095 2585 1149 2670 qui
1171 2585 1239 2672 agit
1254 2585 1482 2674 quodammodo

328 2689 520 2754 constitutus
544 2687 639 2753 modo
662 2687 709 2752 ita
731 2697 816 2773 agat,
846 2696 882 2750 ut
904 2707 993 2750 more
1017 2695 1049 2750 et
1072 2689 1305 2766 consuetudine
1326 2687 1477 2754 confirma-

326 2803 379 2858 tus
407 2791 650 2878 constantiaque
682 2789 845 2878 praeditus
879 2783 1040 2873 (βεβαίως
1067 2789 1125 2856 καὶ
1151 2785 1404 2880 ἆμετακινήτως)
1435 2809 1476 2852 ex

327 2895 433 2961 animo
456 2903 545 2960 recto
567 2895 766 2982 honestoque
789 2901 878 2958 recta
900 2894 1100 2982 honestaque
1123 2894 1234 2962 faciat:
1263 2908 1331 2963 tum
1356 2893 1481 2958 demum

325 2998 410 3064 actio
433 3019 517 3085 quae
539 2997 667 3062 virtutis
689 3006 746 3071 est,
769 2995 920 3062 virtutem
945 2993 1044 3080 (ἕξιν)
1074 3018 1145 3062 sese
1167 3010 1336 3087 praestare
1358 2995 1483 3087 poterit.

327 3101 487 3191 Oportere
511 3101 605 3182 enirn,
630 3110 665 3165 ut
686 3098 762 3164 alibi
777 3099 921 3182 traditur,
944 3099 1085 3166 indolem
1101 3101 1262 3189 quandam
1278 3101 1430 3168 moralem
1447 3136 1483 3146 -

325 3217 363 3272 ut
383 3205 428 3272 ita
451 3204 557 3271 dicam
579 3241 619 3252 -
645 3203 772 3269 virtutis
796 3203 959 3290 propriam
981 3203 1015 3268 in
1037 3202 1130 3268 nobis
1152 3204 1214 3268 iam
1238 3213 1313 3275 ante
1336 3203 1486 3293 quodam·

326 3311 422 3377 modo
444 3310 550 3376 inesse
573 3308 639 3390 vel,
667 3316 703 3372 ut
732 3305 888 3394 singulari
915 3305 1064 3372 vocabuli
1091 3328 1188 3372 sensu
1210 3305 1316 3396 potius
1340 3307 1485 3386 dixerim,

325 3413 535 3501 prae-valere
560 3420 591 3476 et
613 3409 753 3476 animum
774 3417 917 3475 nostrum
937 3432 1175 3499 praeoccupare
1198 3410 1290 3494 (Eth.
1311 3410 1353 3476 N.
1370 3411 1417 3492 X,
1437 3411 1484 3476 10.

326 3516 517 3582 11791129:
553 3512 591 3581 τὸ
624 3505 713 3604 ἦθος
746 3507 975 3600 προυπάρχειν
1004 3535 1077 3592 πως
1111 3510 1233 3582 οἰκεῖον
1265 3515 1324 3602 τῆς
1355 3506 1484 3602 ἀρετῆς,

324 3619 461 3708 στέργον
488 3617 527 3685 ad
549 3617 652 3686 καλὸν
679 3616 736 3686 καὶ
762 3618 975 3705 δυσχεραῖνον
1000 3615 1040 3684 τὸ
1068 3611 1229 3706 αἰσχρόν).
1255 3655 1290 3664 -
1324 3615 1485 3696 Quodam·

323 3725 419 3792 modo
443 3722 528 3790 enim
551 3726 654 3808 (πως)
678 3723 828 3788 virtutem
850 3723 951 3787 virtus
974 3722 1216 3809 antegrediatur
1233 3745 1274 3788 ex
1289 3721 1401 3788 Nostri
1420 3747 1485 3789 sen·

228 3847 232 3858 ·
323 3829 425 3895 tentia
447 3849 580 3894 necesse
603 3836 665 3894 est:
688 3825 838 3890 nimirum
860 3847 897 3890 eo
921 3825 1049 3913 quidem
1071 3825 1181 3910 modo,
1206 3848 1270 3914 quo
1293 3825 1334 3890 ad
1354 3823 1486 3912 γένεσιν

323 3932 514 4015 honestatis,
544 3932 584 3997 ad
608 3929 846 4012 educationem,
878 3951 1083 4012 revocamur,
1112 3953 1175 4017 quo
1203 3953 1267 3995 una
1290 3931 1486 3997 contrarium

323 4035 350 4100 si
374 4034 451 4123 quid
475 4046 530 4101 aut
552 4034 613 4100 sibi
634 4051 818 4119 repugnans
841 4033 874 4098 in
896 4032 957 4099 illis
980 4032 1088 4098 verbis
1110 4033 1213 4099 inesse
1235 4030 1363 4097 videtur
1387 4043 1422 4098 et
1446 4032 1487 4097 di·

323 4150 471 4206 movetur
494 4148 593 4227 atque
615 4134 845 4220 dissolvitur').
877 4172 914 4184 -—
943 4127 1217 4225 Enplanationem
1247 4135 1431 4202 sententiae
1454 4135 1485 4200 in

321 4243 417 4312 alium
446 4250 631 4310 contextum
661 4240 807 4308 conferre
836 4241 1001 4308 debemus.
1047 4237 1111 4306 Hic
1140 4238 1217 4306 satis
1241 4238 1300 4306 erit
1322 4238 1486 4306 artificum

322 4397 523 4416 m—

396 4481 414 4544 ¹)
434 4479 473 4530 Cf.
487 4479 518 4541 §l
531 4476 548 4531 9
561 4483 587 4530 et
598 4473 641 4532 20.

395 4569 413 4633 ⁵²)
432 4569 470 4620 cf.
484 4569 499 4630 ὃ
512 4567 547 4622 26
559 4584 579 4620 s.
592 4569 611 4621 t.
