3154 5252
801 436 988 500 -6-

315 607 411 673 etiam
434 607 593 674 educatio.
629 607 730 675 Cuius
753 605 902 672 materies
925 631 945 672 a
966 615 1082 673 natura
1104 607 1188 691 data,
1210 616 1246 672 ut
1269 609 1377 675 datam
1399 606 1472 672 arti·

315 709 425 776 ficiose
451 720 643 792 tractemus,
672 710 812 775 omnium
839 709 1048 776 animantium
1075 709 1382 798 praestantissimum
1412 718 1471 790 est,

315 812 422 878 homo.
456 813 553 879 Hunc
576 813 752 879 secundum
772 833 885 877 veram
907 811 976 876 eius
998 822 1148 878 naturam
1171 814 1298 880 erudire
1321 823 1471 899 atque—

315 925 352 980 ut
374 939 447 981 cum
470 914 645 981 Aristotele
666 914 782 1002 loquar
804 953 846 963 -
868 914 1019 1002 supplere
1042 909 1299 1001 (ἀναπληροῦν),
1322 938 1396 980 cum
1420 939 1472 980 ex·

314 1017 476 1102 pediundo
500 1017 717 1105 perficiamus,
751 1038 834 1104 quae
861 1016 1027 1103 perficiere
1053 1027 1170 1084 natura
1195 1040 1259 1082 non
1286 1026 1407 1104 potest,
1442 1027 1473 1082 et

312 1119 466 1185 imitando
499 1141 744 1205 consequamur,
779 1117 925 1205 adquae
952 1121 1179 1208 consequenda
1205 1129 1319 1186 natura
1345 1143 1406 1185 nos
1429 1119 1473 1184 in·

311 1224 429 1288 'struxit
452 1219 508 1303 (soi
529 1219 591 1303 μὲν
612 1219 766 1301 ἐπιτελεῖ,
788 1219 831 1286 τὰ
854 1219 892 1288 δὲ
914 1224 1099 1304 μιμεῖται)ε
1122 1223 1182 1288 1]οο
1205 1246 1246 1288 ex
1268 1223 1380 1288 Nostri
1403 1244 1472 1287 sen-

312 1323 413 1389 tentia
434 1323 537 1390 omnis
561 1323 706 1390 educatio
729 1324 790 1390 sihi
812 1325 1011 1411 propositum
1033 1324 1161 1391 videtur
1175 1325 1304 1390 habere.
1333 1325 1395 1389 Est
1418 1323 1473 1412 igi-

311 1435 376 1509 tur,
398 1436 433 1492 ut
453 1427 555 1493 verbo
579 1427 768 1514 exprimam,
791 1425 872 1491 ratio
895 1424 951 1491 illa
972 1426 1087 1510 finalis,
1111 1450 1194 1515 quae
1217 1437 1251 1492 et
1270 1427 1407 1515 primum
1430 1427 1471 1490 lo·

313 1552 386 1595 cum
408 1539 521 1596 tenere
545 1537 576 1594 et
600 1528 879 1594 commentationis
901 1538 1030 1594 nostrae
1048 1539 1212 1618 tamquam
1227 1528 1471 1596 fundamentum

311 1631 408 1697 dehet
422 1655 491 1698 esse
507 1654 545 1696 ac
560 1655 721 1698 summum
736 1631 931 1720 principium
952 1632 1044 1714 (Eth.
1059 1633 1088 1714 I,
1107 1635 1123 1698 1
1151 1634 1223 1698 coll.
1240 1632 1310 1698 Pol.
1325 1631 1386 1714 IV,
1407 1633 1470 1712 15).

311 1735 365 1800 Ex
387 1733 546 1822 principio
569 1733 653 1799 enim
676 1731 867 1798 Aristoteles
893 1734 1052 1799 rationem
1078 1736 1224 1822 singulae
1248 1735 1403 1821 cuiusque
1426 1735 1470 1799 rei

312 1831 428 1923 (λόγον
450 1838 509 1924 τῆς
532 1830 673 1902 ἑκάστου
696 1829 830 1917 οὐσίας)
853 1859 951 1901 unum
973 1836 1124 1925 idemque
1148 1839 1259 1903 statuit
1281 1859 1351 1902 esse
1373 1846 1469 1924 atque

310 1939 407 2004 finem
435 1940 464 2004 ei
491 1939 688 2026 propositum
717 1937 771 2022 (τὸ
793 1926 835 2004 οὗ
855 1935 949 2004 ἕνεκα
976 1931 1022 2018 ὥς
1047 1937 1207 2022 τέλοςγ),
1235 1940 1356 2028 quippe
1385 1939 1468 2027 quod

310 2050 425 2106 natura
448 2035 580 2128 (φύσει)
603 2041 751 2128 primum,
774 2041 983 2128 generatione
1005 2042 1162 2128 (γενέσει)
1186 2051 1365 2107 extremum
1381 2043 1424 2107 sit
1437 2043 1466 2106 in

311 2166 417 2209 rerum
440 2144 551 2210 ordine
568 2153 600 2208 et
615 2153 774 2209 commotu
798 2143 888 2226 (Met.
906 2144 988 2223 XII,
1006 2147 1059 2231 l);
1082 2146 1223 2232 itemque
1239 2145 1325 2232 quod
1342 2167 1464 2232 quaque

311 2244 345 2310 in
367 2268 404 2310 re
427 2255 591 2334 optumum
614 2245 655 2311 sit
669 2270 768 2312 unum
790 2245 942 2333 idemque
964 2247 1073 2314 valere
1088 2247 1184 2313 docet
1198 2255 1295 2333 atque
1310 2248 1463 2314 actionem

311 2350 497 2435 perfectam,
520 2349 554 2413 in
577 2371 641 2436 qua
664 2349 801 2414 artifices
825 2357 857 2414 et
880 2347 1070 2415 educatores
1092 2349 1255 2414 meliorem
1277 2373 1368 2416 suam
1389 2352 1465 2438 ipsc·

309 2474 381 2516 rum
403 2461 553 2517 naturam
575 2451 812 2538 quodammodo
836 2453 941 2534 (πως)
966 2475 1004 2516 ac
1027 2451 1168 2539 quodam
1192 2475 1264 2516 cum
1285 2475 1392 2518 amore
1414 2475 1463 2517 ex·

311 2575 455 2640 pressam
476 2553 647 2619 videantur
667 2552 787 2619 habere
810 2553 901 2636 (Eth.
917 2553 960 2618 N.
977 2553 1039 2637 IX,
1061 2556 1090 2618 7.
1116 2555 1197 2620 1168
1210 2575 1231 2618 ο
1247 2555 1291 2637 l).
1313 2591 1353 2602 -
1376 2555 1461 2618 Loco

311 2676 408 2741 quem
436 2656 603 2721 laudamus
630 2655 824 2722 Aristoteles
853 2656 892 2722 de
919 2655 958 2720 iis
987 2654 1131 2744 loquitur
1160 2656 1215 2744 qui
1242 2658 1321 2721 bene
1341 2655 1458 2720 faciunt

314 2779 392 2844 erga
413 2758 560 2824 homines
582 2758 879 2844 benefaciendoque
902 2757 1024 2846 pariter
1038 2770 1135 2846 atque
1152 2759 1291 2824 artifices
1307 2767 1337 2824 et
1350 2769 1456 2845 poetae

310 2860 344 2924 in
366 2861 517 2948 operibus
540 2871 577 2926 ut
596 2861 630 2925 in
645 2860 754 2926 liberis
777 2860 842 2926 suis
865 2881 899 2924 se
922 2861 1010 2948 ipsos
1031 2862 1122 2948 quasi
1138 2863 1248 2928 colunt
1271 2885 1310 2927 ac
1332 2860 1461 2946 diligunt

311 2959 474 3053 (ἐνεργείᾳ
503 2962 543 3051 dr}
573 2957 592 3030 ὃ
619 2957 767 3050 ποιήσας
796 2961 835 3029 ad
864 2959 958 3051 ἔργον
985 2959 1056 3029 dou
1086 2985 1174 3046 πως·
1204 2961 1335 3052 στέργει
1360 2962 1400 3050 ὀὴ
1425 2960 1462 3030 ad

309 3061 467 3160 ἕργον)’);
504 3077 552 3132 est
579 3065 664 3130 enim
690 3065 743 3129 vel
769 3089 928 3132 summum
956 3089 1029 3132 cum
1056 3067 1249 3134 beneficium
1277 3077 1345 3132 tum
1374 3066 1467 3130 artifi-

310 3170 404 3252 cium,
427 3167 460 3234 id
483 3167 568 3256 quod
590 3168 623 3233 in
645 3167 809 3234 hominum
831 3167 1021 3234 educatione
1043 3169 1201 3236 consistit.
1218 3207 1258 3218 -
1280 3170 1466 3236 Perfectum

310 3269 449 3358 denique
464 3271 656 3338 Aristoteles
678 3269 929 3358 unumquodque
952 3294 1024 3337 esse
1045 3281 1164 3354 censet,
1189 3270 1240 3337 cui
1263 3271 1304 3336 ad
1327 3272 1466 3360 speciem

309 3376 459 3461 propriae
481 3375 608 3440 virtutis
632 3396 674 3438 ne
697 3373 854 3462 particula
876 3373 1006 3460 quidem
1022 3374 1105 3440 desit
1123 3374 1352 3460 magnitudinis
1376 3400 1397 3440 a
1417 3397 1470 3441 na·

309 3485 381 3542 tura
397 3477 575 3543 destinatae
597 3477 671 3564 (τῆς
693 3471 818 3555 οἰκείας
833 3470 952 3563 ἀρετῆς
971 3476 1081 3564 μηθὲν
1095 3474 1234 3566 ἐλλείπῃ
1249 3472 1371 3564 μόριον
1386 3476 1469 3544 κατὰ

308 3575 368 3664 τὴν
390 3573 491 3665 φύσιν
511 3578 689 3665 μεγέθους.
727 3579 805 3645 Met.
825 3579 865 3661 V,
889 3581 937 3645 16.
964 3583 1074 3648 102112
1090 3581 1248 3663 20-2o):
1271 3581 1395 3646 homini
1417 3581 1471 3667 igi-

309 3671 362 3745 tur
383 3680 463 3747 illud
485 3682 681 3770 contingere,
704 3682 731 3748 si
754 3682 877 3748 animus
902 3691 934 3746 et
955 3704 1072 3768 corpus
1094 3683 1177 3749 hene
1197 3704 1232 3748 se
1247 3683 1391 3750 habeant
1412 3707 1472 3750 nec

310 3780 481 3869 quicquam
505 3781 633 3850 deficiat
654 3795 785 3872 optume
807 3783 937 3850 vivendi
958 3784 1090 3850 rationis
1114 3786 1200 3868 (Pol.
1223 3786 1281 3867 IV,
1305 3785 1356 3850 14.
1390 3786 1471 3852 1333

311 3904 332 3947 α
349 3881 403 3947 15:
426 3882 464 3950 τὸ
479 3882 575 3964 τέλος
588 3888 648 3974 τῆς
664 3882 800 3975 ἀρίστης
816 3887 928 3974 ζωῆς).
959 3885 1015 3953 Sic
1030 3888 1181 3954 universe
1195 3889 1292 3952 finem
1308 3886 1471 3955 humanae

312 3983 493 4052 educationi
515 3988 605 4054 vides
628 3992 836 4077 propositum.

395 4092 465 4157 Iam
486 4090 560 4156 hine
588 4114 671 4178 quae
695 4103 770 4158 sunt
792 4093 917 4181 reliqua
945 4094 1052 4160 omnia
1079 4095 1288 4162 deducuntur.
1311 4129 1352 4140 —·
1378 4091 1473 4175 Quae

385 4343 404 4410 ¹)
423 4345 464 4396 De
475 4361 535 4412 gen
548 4363 590 4398 an.
604 4347 626 4411 I,
642 4347 701 4398 lin.
721 4347 872 4415 collPhys.
886 4349 920 4412 II,
934 4353 958 4399 7.
976 4352 1023 4402 198
1034 4366 1050 4399 α
1063 4353 1097 4400 24
1107 4363 1179 4414 sqq.;
1199 4349 1262 4401 Met.
1277 4349 1324 4411 IX,
1338 4351 1361 4398 8.
1379 4352 1471 4401 lotan
1541 4409 1542 4418 γ

312 4436 343 4482 27
354 4448 410 4498 sqq.

380 4520 399 4585 ²)
420 4521 460 4574 cf.
471 4521 552 4588 Phys.
566 4522 601 4586 ll,
617 4525 641 4577 8,
655 4522 672 4573 l.
682 4523 698 4574 l.
711 4522 769 4574 eall.
785 4523 875 4590 simpl.
889 4523 905 4574 1.
921 4524 1074 4588 asarmot.
1084 4526 1131 4589 IX,
1145 4525 1364 4588 e.l.1.;M.M01·.
1381 4526 1418 4590 ll,
1435 4532 1473 4576 12.
