3156 5246
790 409 994 476 ..76..

317 574 438 642 Iterum
463 577 523 640 hoc
547 577 617 642 loco
639 577 822 662 loquentem
853 578 1005 648 inducere
1033 583 1125 648 nobis
1151 584 1273 650 licitum
1297 585 1353 663 sit,
1383 609 1476 674 prae·

318 679 437 744 olorum
468 679 555 744 illum
583 691 711 761 nostrae
739 682 853 744 aetatis
881 693 1140 770 praeceptorem,
1174 689 1245 774 qui,
1275 701 1310 753 ut
1336 689 1475 771 videtur,

313 781 411 846 veluti
429 781 612 848 Aristotelis
635 804 675 846 ex
691 782 797 848 animo
819 786 917 849 haece
932 786 1010 850 facit
1026 787 1138 853 verbe:
1164 783 1336 870 ‘Freund',
1363 829 1398 840 -—
1428 793 1475 856 in·

317 883 386 970 quit
408 919 444 930 *-
465 877 572 950 ‘wenn
596 885 647 949 ic’h
669 886 870 952 aurttcksehe
893 886 957 952 und
981 888 1064 954 mich
1087 890 1192 976 frages
1227 916 1293 957 was
1316 894 1398 959 habe
1419 894 1475 958 ich

316 986 400 1050 deon
425 986 596 1072 cigentlich
619 989 671 1052 l'rtr
695 987 751 1052 das
774 987 897 1054 Wesen
921 990 977 1054 des
1007 992 1245 1058 mensohlichen
1268 994 1476 1061 Untcrrichts

313 1086 483 1173 geleistet‘l
506 1111 540 1152 so
557 1088 643 1154 finde
658 1089 724 1154 ioh:
747 1090 798 1154 ich
814 1091 897 1155 habe
913 1091 974 1157 den
991 1093 1156 1176 hochsten,
1181 1097 1330 1161 oberstcn
1347 1096 1477 1163 Grund-

314 1199 383 1254 eata
407 1189 461 1256 des
477 1190 682 1257 Unterrichts
706 1192 737 1256 in
760 1191 818 1258 der
834 1195 1078 1280 Anerkennung
1099 1198 1155 1262 der
1171 1200 1401 1284 Anschaunng,
1427 1201 1476 1264 als
1550 1221 1551 1276 ι

315 1289 388 1356 dem
415 1291 582 1358 absoluten
610 1294 636 1358 F
640 1296 815 1360 undament
842 1296 921 1364 aller
948 1297 1163 1365 Erlsenntniss
1189 1302 1378 1385 festgesetnt
1406 1302 1476 1365 und
1550 1289 1551 1306 ¹

314 1393 373 1460 mit
387 1395 599 1482 Beseitigung
622 1398 700 1462 aller
722 1396 887 1462 einzelnen
904 1399 1042 1480 Lehren‚
1066 1401 1123 1466 das
1139 1400 1261 1468 Wescu
1285 1403 1341 1470 der
1363 1404 1475 1468 Lehre

315 1495 416 1562 selbot
439 1497 504 1564 und
526 1499 577 1562 die
603 1500 732 1566 Urlorm
757 1499 962 1567 aul'zufinden
983 1505 1130 1590 gesucht‚
1154 1503 1252 1568 durch
1277 1505 1397 1570 welche
1422 1507 1475 1570 die

314 1602 521 1689 Auebildung
552 1625 664 1668 unsers
693 1601 907 1667 Gesehlechts
943 1604 1041 1670 durch
1071 1605 1122 1670 die
1152 1606 1258 1672 Natur
1290 1609 1389 1672 selhst
1424 1609 1475 1674 he

316 1710 438 1775 stimmt
460 1704 590 1770 werden
612 1698 710 1770 muss’
723 1705 760 1785 ¹).
785 1739 821 1750 -—
847 1704 968 1770 Nostra
989 1717 1095 1772 aetate
1117 1707 1211 1790 haec,
1235 1721 1270 1773 ut
1290 1708 1336 1774 ita
1358 1711 1474 1793 dicam,

314 1809 461 1878 intuendi
493 1806 669 1886 evidentia,
703 1831 776 1874 cum
803 1829 822 1871 a
847 1807 1046 1896 philosophis
1073 1821 1139 1876 tum
1171 1811 1212 1876 ab
1246 1812 1471 1878 educatoribus
1550 1829 1551 1844 ¹

313 1915 448 1980 multum
472 1908 597 1975 laudari
618 1911 707 1990 solet,
727 1921 892 1997 tamquam
916 1911 1019 1976 omnis
1041 1910 1186 1977 discendi
1209 1927 1241 1978 et
1257 1917 1470 1998 cognoscendi

315 2016 517 2104 principium.
553 2012 670 2098 Neque
693 2012 821 2078 omnino
843 2012 969 2092 iniuria,
992 2012 1180 2080 utvidetur.
1215 2016 1379 2095 Quantum
1398 2041 1464 2084 vero

314 2119 401 2208 apud
423 2115 630 2182 Aristotelem
653 2114 738 2180 haud
765 2114 917 2181 dissimile
949 2115 1069 2203 aliquid
1091 2117 1241 2200 veluerit,
1272 2120 1350 2185 satis
1373 2133 1468 2186 osten·

314 2222 433 2302 dimus,
462 2218 517 2307 qui
539 2218 625 2283 idem
647 2218 725 2283 nihil
747 2218 908 2306 antiquius
931 2216 1039 2300 duxit,
1067 2241 1163 2305 quem
1185 2231 1221 2285 ut
1242 2241 1294 2285 res
1315 2222 1409 2286 nobis
1432 2245 1469 2286 ex

313 2321 522 2410 intellegendi
544 2319 682 2408 quadam
709 2320 904 2386 obscuritate
931 2342 1008 2386 vere
1035 2320 1226 2408 perspicuae
1253 2333 1286 2388 et
1313 2323 1468 2390 dilucidae

316 2429 446 2509 fierent,
475 2423 561 2490 unde
583 2423 723 2508 cognitio
745 2423 849 2508 magis
872 2447 974 2510 usqne
999 2424 1175 2511 procedere
1199 2436 1233 2489 et
1252 2430 1385 2492 scientia
1407 2427 1468 2492 effi·

315 2551 388 2596 cere
411 2525 566 2616 posset¹).
609 2524 665 2591 Sic
688 2546 729 2590 ex
751 2535 861 2590 nostro
884 2525 1024 2626 quadam
1046 2549 1084 2592 ac
1106 2527 1211 2613 prima
1234 2529 1379 2614 quamvis
1401 2552 1468 2593 con·

312 2635 385 2700 fusa
407 2641 439 2697 et
460 2629 564 2696 minus
587 2627 674 2692 olore
696 2628 792 2692 animi
815 2628 997 2712 cognitione
1026 2639 1080 2694 aut
1101 2630 1309 2717 perceptione
1330 2631 1369 2696 ad
1391 2631 1463 2694 dilu-

314 2736 420 2800 cidam
434 2731 643 2818 intellegendi
659 2731 920 2817 perspicuitatem
936 2731 1088 2818 progredi
1105 2731 1261 2801 iubemur.
1277 2767 1314 2782 -κ
1325 2731 1387 2797 Sed
1399 2732 1459 2796 No
1547 2757 1550 2880 p

314 2848 380 2904 stro
402 2847 532 2902 auctore
553 2833 759 2918 intellegendi
783 2835 993 2921 perspicuitas
1015 2835 1102 2898 nulla
1124 2834 1243 2899 exoriri
1264 2833 1383 2922 poterit,
1402 2831 1460 2896 nisi
1548 2881 1549 2910 p

314 2940 397 3006 ratio
420 2936 605 3015 accesserit,
635 2959 833 3022 quaecum,
865 2936 949 3000 unde
971 2959 1023 3000 res
1046 2939 1087 3001 sit
1109 2930 1145 3024 (ἡ
1171 2933 1279 3018 αἰτία,
1303 2931 1345 3005 dt'
1367 2927 1405 3024 ἣν
1425 2933 1462 3001 τὸ

315 3036 452 3130 πρᾶγμά
474 3035 578 3121 ἐστιν)
606 3061 666 3105 nec
696 3039 789 3104 aliter
815 3063 850 3103 se
871 3039 994 3104 hahere
1017 3039 1134 3124 possit,
1163 3043 1368 3126 cognoscitur
1388 3041 1465 3124 (An.

315 3168 368 3234 pc.
385 3145 412 3225 I,
428 3145 449 3208 2
464 3142 576 3224 in.)³):
600 3140 735 3229 quodsi
759 3142 929 3220 omittitur,
958 3141 1036 3208 nihil
1060 3151 1116 3206 aut
1140 3141 1257 3210 bonum
1281 3155 1467 3210 antrorum

313 3246 521 3336 perspicuum
547 3243 617 3308 fieri
640 3245 763 3308 neceb
787 3245 856 3309 aliis
878 3244 974 3309 rebus
997 3246 1110 3330 eisque
1133 3245 1299 3310 contrariis
1322 3258 1469 3312 accurate
1547 3323 1548 3330 ἵ

315 3349 453 3418 discerni
475 3359 591 3435 potest.
624 3346 723 3412 Haud
745 3347 844 3433 igitur
868 3348 1009 3434 paullum
1032 3347 1152 3433 aliquid
1175 3349 1334 3434 quaesivit
1349 3349 1471 3414 Aristo·
1547 3339 1548 3389 l

315 3453 407 3534 teles,
429 3475 502 3517 cum
523 3471 651 3516 omnem
666 3471 730 3512 non
749 3450 842 3516 modo
858 3448 1076 3534 intellegendi,
1100 3472 1210 3516 verum
1235 3450 1331 3516 etiam
1354 3450 1472 3535 egendi

315 3555 466 3624 virtutem
500 3575 693 3639 omnemque
725 3552 854 3619 omnino
888 3551 1063 3616 honestatis
1084 3555 1229 3619 -formsm
1257 3552 1331 3618 inde
1364 3576 1409 3618 ex
1436 3576 1471 3616 eo
1546 3573 1547 3651 p

315 3657 423 3723 enasci
446 3665 479 3720 et
500 3655 583 3720 ellici
605 3654 750 3736 voluerit,
773 3654 827 3720 uhi
851 3653 1012 3740 cogitandi
1030 3655 1079 3718 vis
1096 3655 1287 3742 cupiditates
1309 3666 1342 3720 et
1362 3654 1474 3742 imagi·

313 3759 459 3826 nationes
482 3779 640 3845 occupare
663 3755 769 3821 debet.
802 3795 838 3804 -
870 3757 964 3822 Mens
986 3757 1126 3822 humana
1149 3759 1321 3846 concipiat,
1349 3761 1472 3824 confor-

314 3872 395 3944 met,
417 3863 450 3928 in
473 3870 637 3948 optumum
659 3857 789 3925 vivendi
812 3883 918 3948 usum
934 3870 1101 3924 convertat
1127 3883 1258 3926 neeesse
1281 3870 1345 3942 est,
1374 3861 1472 3948 quod·

314 3985 452 4052 cumque
468 3985 509 4028 ex
523 3985 675 4028 sensuum
692 3964 908 4050 perceptione,
924 3962 1072 4044 videndo,
1089 3962 1261 4045 audiendo,
1286 3963 1471 4050 effingendo

315 4066 453 4153 denique
474 4065 580 4132 animo
602 4065 782 4150 inpressum
805 4076 837 4131 et
851 4065 978 4153 penitus
993 4065 1026 4131 in
1042 4067 1134 4133 nobis
1149 4065 1349 4134 reconditum
1372 4065 1470 4152 viget.

388 4316 408 4382 ¹)
426 4314 582 4378 casalensi,
601 4315 661 4366 Wie
675 4316 788 4368 Gertrud
800 4331 822 4367 e.
837 4331 877 4382 op.
891 4317 913 4366 V
926 4334 951 4383 p.
966 4316 1025 4371 194.

387 4404 407 4468 ⁹)
425 4403 465 4454 Cf.
478 4401 511 4451 de
523 4417 564 4456 an.
577 4403 612 4466 ΙΙ,
625 4401 643 4454 2
656 4405 690 4452 in.

388 4490 408 4555 ³)
427 4489 466 4541 or.
481 4491 494 4552 s
508 4487 550 4541 33.
