3156 5246
788 413 997 476 ..70-

317 583 497 666 resultans)
518 607 601 672 quse
623 584 664 653 od
687 583 848 670 egendum
871 583 979 648 valeat
997 591 1034 646 et
1055 581 1097 646 ed
1118 581 1370 668 intellegendum
1395 583 1480 646 veri-

318 693 370 754 tas
390 685 448 768 sit,
474 709 657 772 congruens
679 694 710 751 et
734 686 920 772 conspirans
949 679 1139 771 (ὁμολόγως
1161 680 1298 768 ἔχουσα)
1328 709 1400 750 curn
1424 685 1481 750 ad·

318 785 421 873 petitu
444 798 543 854 recto.
570 827 606 836 -
631 789 747 874 Itaque
770 788 887 873 egendi
909 787 1102 876 principium
1126 809 1196 852 esse
1225 787 1406 870 consilinm,
1435 823 1482 836 —

320 884 403 960 loss
425 885 446 978 ἡ
470 889 609 978 κίνησις,
640 885 710 957 ἀλλ’
735 885 794 972 οὐχ
816 879 858 958 οὗ
880 889 989 969 ἕνεκα,
1015 928 1051 938 -
1081 889 1204 959 consilii
1227 901 1331 956 antem
1355 891 1483 976 adpeti-

319 1001 388 1060 tum
416 995 628 1062 strationem
656 989 771 1079 (λόγος
801 988 819 1060 ὁ
848 988 942 1060 ἕνεκά
971 995 1090 1074 τινος);
1125 1015 1221 1080 quom
1250 992 1384 1056 obrem
1411 1015 1481 1056 non

321 1094 390 1170 sine
421 1096 585 1162 intellectu
618 1097 902 1182 intellegentiaeque
936 1121 996 1162 nec
1026 1096 1094 1162 sine
1128 1095 1309 1162 conditione
1342 1095 1396 1160 ille
1428 1095 1483 1158 vel

320 1196 433 1263 habitu
455 1199 566 1262 morali
589 1197 761 1264 voluntatis
791 1221 860 1262 esse
888 1199 1071 1279 consilinm,
1098 1196 1264 1278 nimirum,
1296 1195 1383 1283 qnod
1405 1219 1484 1261 eon-

321 1308 408 1367 stare
434 1322 497 1364 non
526 1300 628 1386 possit
654 1323 761 1386 neque
793 1301 877 1364 bona
910 1303 1120 1387 perfectaque
1154 1299 1237 1365 aetio
1270 1293 1483 1382 (εὐπραξία),

321 1421 382 1466 nec
405 1423 487 1488 quoe
512 1403 540 1466 ei
563 1404 724 1469 contrarie
746 1402 787 1466 sit
809 1402 863 1484 (τὸ
885 1399 1034 1470 ἐναντίον
1055 1401 1089 1470 ἐν
1103 1396 1242 1487 πράξει)
1266 1402 1333 1468 sine
1356 1402 1482 1466 intelle-

320 1503 431 1588 gentie
459 1514 492 1570 et
521 1505 661 1570 moribus
692 1498 787 1588 (risse
815 1503 969 1585 διανοίας
995 1504 1053 1574 καὶ
1079 1495 1188 1592 ἤθους
1210 1499 1270 1570 οὐκ
1292 1500 1407 1585 ἔστιν).
1438 1538 1481 1548 -

322 1603 410 1672 Setis
434 1617 496 1672 est:
523 1606 657 1694 adparet
680 1610 755 1695 quid
783 1611 843 1674 sibi
866 1609 1004 1677 voluerit
1025 1608 1229 1674 Aristoteles.
1273 1610 1383 1694 Atque
1403 1607 1482 1672 hinc

322 1708 432 1776 omnio
453 1709 551 1794 plene
572 1709 666 1776 finnt.
703 1711 915 1780 Conferamus
939 1712 1035 1776 etiem
1060 1710 1145 1797 quod
1166 1711 1230 1776 iem
1253 1719 1348 1774 antea
1363 1708 1404 1772 de
1418 1709 1481 1772 hac

321 1833 357 1875 re
380 1809 607 1896 disputandum
630 1823 700 1880 eret
709 1814 750 1894 ¹),
778 1813 810 1881 id
838 1814 968 1900 quidem
995 1812 1080 1900 qnod
1111 1833 1151 1880 ex
1173 1813 1288 1878 Nostri
1308 1811 1349 1878 de
1371 1811 1481 1876 anima

321 1913 429 1981 libello
452 1913 625 2000 repetitum
645 1926 693 1978 est
720 1917 805 1998 (HI,
831 1918 885 1998 10)
912 1939 987 1980 oum
1016 1937 1055 1978 eo
1081 1915 1164 2000 qnod
1188 1914 1283 1978 Polit.
1308 1912 1386 1995 (Ν,
1415 1914 1477 1994 13),

216 2087 227 2100 .‚
261 2017 262 2024 ’
322 2015 393 2080 loeo
415 2015 543 2102 saepius
558 2016 697 2101 laudato,
719 2019 869 2084 traditum
887 2029 935 2082 est
957 2014 1083 2100 (cotto
1101 2014 1167 2104 yolo
1181 2015 1273 2101 παρὰ
1287 2017 1366 2093 τοῦς
1381 2014 1472 2082 ἐθιο-

321 2116 408 2199 μούς
427 2116 483 2182 καὶ
502 2116 565 2206 τήν
585 2115 686 2206 φύσιν
707 2117 893 2208 πράττουσι
915 2118 974 2186 διὰ
996 2119 1053 2186 τὸν
1074 2113 1185 2200 λόγον,
1208 2113 1268 2186 ἐὰν
1288 2121 1477 2186 πεισθῶσιν

322 2211 434 2297 ἄλλως
449 2216 534 2301 ἔχειν
548 2221 711 2306 βέλτιον)τ
728 2223 869 2310 undique
887 2245 1012 2290 summa
1027 2245 1091 2308 perr
1115 2234 1165 2288 est
1186 2233 1221 2288 et
1241 2221 1423 2290 eoncordia.
1441 2257 1475 2268 —

324 2325 417 2390 Velle
451 2325 566 2390 dicitnr
594 2327 620 2390 is
648 2328 702 2413 qui
727 2351 800 2393 cum
833 2327 956 2392 ratione
989 2325 1125 2412 adpetit:
1159 2325 1318 2388 voluntati
1351 2336 1478 2388 nostrae

322 2427 414 2514 quasi
436 2429 538 2494 omnis
565 2429 649 2494 inest
670 2429 828 2496 humanae
855 2439 991 2492 naturae
1019 2427 1067 2489 vis
1100 2438 1131 2488 et
1157 2436 1309 2513 potestas.
1354 2428 1393 2492 In
1418 2449 1478 2512 qno

322 2539 445 2600 tantum
470 2530 616 2596 consistit
640 2531 812 2612 libertatis,
842 2540 996 2618 quantum
1023 2527 1214 2610 honestatis,
1247 2550 1354 2614 neque
1374 2528 1478 2594 minus

322 2632 391 2698 veri
419 2657 514 2720 quam
544 2620 677 2699 rationis
705 2656 746 2698 ex
773 2657 837 2720 qne
866 2632 938 2698 finis
965 2629 1162 2719 proponitur.
1205 2630 1292 2696 Nem
1318 2630 1350 2696 in
1374 2631 1474 2693 libero

324 2736 455 2802 oonsilio
479 2735 675 2824 principium-
696 2736 810 2802 dicitur
836 2737 941 2800 inesse
965 2757 1075 2815 cause,
1103 2731 1189 2798 unde
1211 2743 1314 2800 motus
1334 2728 1469 2816 proficis·

325 2835 419 2920 eitnr,
440 2848 605 2925 tamquam
628 2839 762 2906 actionis
784 2839 944 2904 effectrix:
974 2835 1068 2904 ἕνεκα
1091 2831 1153 2923 γάρ
1176 2859 1235 2902 τοο
1257 2835 1349 2900 ποιοῖ
1365 2823 1469 2908 orico

322 2941 444 3006 ποιῶν.
480 2940 568 3010 Nem
588 2941 721 3008 alienius
743 2942 789 3009 rei
812 2964 908 3006 eausa
930 2941 963 3006 id
985 2941 1086 3006 efficit
1106 2938 1251 3026 quisquis
1272 2935 1393 3023 eliqnirl
1412 2931 1476 3000 ete

324 3040 378 3106 cit.
415 3040 461 3110 Et
483 3043 575 3108 huius
597 3044 644 3112 rei
667 3043 806 3130 cognitio
830 3043 982 3109 scientiae
1005 3054 1053 3108 est
1076 3051 1108 3108 et
1129 3039 1381 3126 intellegentiae,
1403 3057 1477 3123 qus-

323 3152 456 3230 ptepter
479 3144 624 3212 doctrine
645 3146 828 3212 adhibenda
851 3156 898 3210 est
923 3157 1020 3231 atque
1043 3145 1219 3232 disciplina.
1257 3141 1335 3208 Sola
1351 3137 1482 3226 quidem

322 3253 441 3311 notura
461 3247 594 3334 soleque
618 3248 847 3312 consuetudine
868 3247 979 3312 Nostri
1006 3246 1165 3312 sententia
1191 3266 1298 3331 neque
1321 3243 1425 3308 bonus
1447 3241 1495 3305 tit·

322 3371 383 3414 neo
406 3349 572 3428 honestus,
605 3371 711 3436 nequo
738 3350 880 3437 prudens
907 3372 969 3416 nec
994 3349 1123 3436 sepiens
1151 3350 1257 3412 homo.
1302 3346 1354 3412 Sit
1375 3345 1484 3428 igitur,

323 3459 359 3516 nt
380 3449 425 3516 nit
445 3451 652 3535 Aristoteles,
684 3463 739 3516 eut
767 3445 934 3540 ὀρεκτικός
961 3454 1042 3530 νοιῖς
1069 3463 1124 3518 aut
1154 3443 1263 3536 ὄρεξις
1287 3440 1484 3533 διανοητική

322 3552 426 3618 libero
446 3553 611 3618 voluntas:
632 3553 798 3634 institutio,
824 3576 907 3640 quae
929 3565 1031 3618 totum
1051 3553 1211 3620 hominem
1235 3551 1362 3616 erudire
1385 3556 1485 3637 etque

323 3655 409 3728 adeo
427 3656 582 3722 extollere
608 3656 720 3734 debet,
748 3666 784 3721 ut
811 3655 844 3719 id
873 3657 958 3743 quod
989 3657 1135 3722 absolute
1162 3657 1283 3722 bonnm
1315 3664 1347 3716 et
1370 3675 1483 3719 rernm

324 3769 374 3830 etl
394 3758 465 3846 ipse
486 3757 548 3824 sibi
569 3757 655 3840 velit,
678 3759 740 3822 hoc
762 3757 822 3824 sibi
843 3759 982 3847 primum
997 3770 1029 3824 et
1044 3759 1188 3826 ultimum
1212 3757 1333 3822 hebent
1348 3776 1486 3824 neemse

324 3869 386 3941 est,
406 3883 463 3932 eur
484 3861 550 3928 tale
571 3859 763 3950 principium
785 3863 887 3928 fertur
908 3864 1003 3930 homo
1026 3855 1061 3948 (ἡ
1082 3855 1221 3946 τοιαύτη
1245 3852 1328 3944 ἀρχὴ
1349 3849 1482 3945 inleso

324 3963 429 4044 πως),
462 3964 517 4051 qui
539 3986 578 4028 eo
599 3963 656 4027 fiat
678 3965 866 4050 perfectior,
894 3987 958 4052 qno
980 3967 1082 4050 nogis
1104 3975 1227 4033 rectem
1250 3984 1433 4048 verumque
1452 3964 1483 4026 in

326 4063 431 4133 animo
453 4066 509 4148 sit,
532 4059 681 4150 ὀρθότης
700 4065 733 4130 in
756 4066 900 4152 adpetitu
924 4078 955 4132 et
977 4061 1127 4154 ἀλήθεια
1149 4067 1184 4132 in
1206 4063 1403 4148 cogitatione
1426 4065 1484 4145 (cf.

324 4165 349 4232 l.
363 4166 384 4232 l.
411 4168 551 4234 1139o3
572 4171 672 4255 sqq.).
717 4169 791 4236 Non
815 4193 944 4256 possum
972 4172 1048 4258 quin
1071 4167 1258 4238 recentioris
1281 4165 1395 4230 aetatis
1420 4166 1484 4252 phi

325 4268 448 4356 losophi
472 4292 719 4336 commemorem
741 4273 815 4353 hoc,
843 4272 929 4358 quod
957 4273 1024 4336 fere
1053 4273 1091 4336 nd
1121 4271 1206 4336 idem
1234 4279 1374 4356 spectat:
1401 4262 1484 4335 ‘Ubi

399 4496 421 4562 ν)
438 4497 477 4547 er.
490 4499 507 4559 s
518 4495 560 4550 νο.
