3156 5246
608 475 651 487 ..
692 435 734 502 57
780 473 816 485 -

132 608 279 696 sequitur
294 630 375 697 opus
396 609 452 692 (cl.
468 607 546 674 Eth.
561 608 604 673 N.
621 608 642 673 l.
657 609 678 673 1.
701 607 810 674 noea
824 608 866 673 30
882 631 952 696 sqq.
969 607 1042 673 coll.
1059 631 1087 672 c.
1103 608 1143 674 9:
1167 606 1296 675 διὸκαὶ

132 707 228 798 ἔργον
249 709 319 779 dori
341 713 527 782 σπουδαῖον
549 704 661 794 εἶναι).
683 709 818 776 -Inde
842 710 976 776 arduam
1000 710 1069 776 lieri
1084 733 1165 794 rem,
1189 732 1294 798 neque

131 815 226 880 unius
251 814 404 904 cuiusque
428 838 498 881 esse
521 816 685 882 hominum
708 813 791 878 inter
811 815 875 879 hue
898 825 930 878 et
949 813 1036 894 illue,
1059 813 1142 879 inter
1159 813 1293 880 nimium

132 927 166 984 et
180 940 294 1005 parurn
310 916 409 983 veluti
424 917 541 984 Ulixes
563 917 616 983 ille
633 916 695 982 dee
716 915 871 982 suadente
892 916 977 981 inter
993 913 1136 1003 Scyllam
1160 927 1191 982 et
1214 915 1296 982 Ota-

132 1021 262 1107 rybdim
286 1043 343 1108 per
366 1020 515 1108 scopulos
540 1030 572 1086 et
593 1018 758 1107 gurgitem
786 1055 825 1068 -
850 1011 985 1085 ‘rodaco
1006 1017 1067 1101 μὲν
1088 1013 1218 1086 numne
1240 1017 1297 1084 καὶ

131 1118 279 1207 κύματος
300 1115 407 1200 ἐκτός’
434 1159 470 1170 -
495 1123 660 1211 navigium
682 1122 865 1210 gubernare
888 1130 921 1186 et
942 1115 1025 1208 ἀνὴρ
1047 1123 1234 1202 σπουδαῖος
1254 1121 1296 1187 ad

133 1250 269 1294 amoene
291 1225 417 1292 virtutis
439 1225 534 1293 litore
555 1227 628 1292 vela
651 1225 791 1312 dirigere
805 1225 829 1307 ¹)
853 1224 913 1307 (ib.
933 1224 1042 1290 1109o
1057 1225 1097 1290 29
1114 1228 1188 1313 sq.).

220 1433 273 1498 31.
297 1431 368 1497 Neo
391 1453 468 1496 vero
491 1431 594 1498 nescit
617 1430 809 1497 Aristoteles
833 1453 874 1496 ex
897 1431 943 1495 rei
966 1441 1081 1512 nature
1103 1429 1224 1518 aliquid
1248 1453 1296 1494 ac·
1328 1426 1331 1440 '

136 1535 229 1601 cedat
261 1555 394 1600 necesse
429 1555 516 1617 esse,
551 1556 615 1621 quo
649 1543 716 1599 tem
740 1534 825 1599 clare
854 1557 952 1621 quarn
980 1556 1057 1599 vere
1091 1531 1297 1620 perfectionis

136 1637 264 1703 moralis
287 1631 484 1724 (ἐνεργείας)
507 1657 660 1703 mensure
683 1635 898 1723 perspiciatur
925 1638 1017 1722 (Eth.
1038 1636 1081 1701 N.
1105 1635 1163 1714 VI,
1188 1639 1231 1720 1).
1261 1673 1294 1682 -

138 1740 261 1806 Idcirco
283 1743 378 1806 tertio
399 1741 472 1806 loeo
495 1739 607 1804 virtuti
631 1738 820 1804 attributum
845 1750 902 1821 est,
926 1763 990 1828 quo
1011 1738 1088 1828 quid
1110 1748 1235 1804 rectum
1256 1738 1298 1803 sit

139 1843 169 1908 iu
191 1843 239 1908 his
262 1843 410 1910 omnibus
433 1842 530 1908 rebus
559 1841 686 1906 definiri
713 1841 824 1930 possit.
868 1843 919 1908 Eo
948 1843 1078 1931 quidem
1108 1842 1208 1908 verbe
1230 1851 1296 1906 ten·

138 1943 230 2028 dunt,
262 1968 344 2034 quae
367 1955 442 2012 sont
472 1940 630 2035 ὁρωμένη
652 1938 756 2032 λόγῳ,
789 1967 925 2032 quorum
956 1955 1117 2033 potestate
1145 1944 1185 2010 ad
1207 1943 1297 2010 intel-

134 2047 253 2114 lectum
275 2070 475 2130 revocamur,
497 2049 584 2114 unde
600 2073 620 2113 a
634 2047 793 2137 principio
808 2047 910 2114 omnis
926 2056 959 2112 et
972 2049 1096 2113 formae
1112 2056 1145 2114 et
1158 2047 1297 2113 notionis

133 2147 278 2213 definitio
300 2150 392 2235 quasi
414 2151 574 2219 enascitur
583 2150 620 2234 ²).
647 2188 683 2198 -
715 2152 833 2238 Itaque
856 2150 954 2216 animi
976 2151 1134 2236 quaedem
1157 2147 1297 2215 conditio

132 2249 187 2314 vel
210 2250 337 2316 habitus
354 2251 483 2339 quidem
498 2255 690 2342 postulatur,
712 2253 814 2341 isque,
838 2262 874 2345 ut
889 2251 1072 2318 Aristotelis
1088 2252 1197 2317 verbis
1213 2261 1295 2335 utar,
1367 2251 1370 2258 ’
1454 2245 1462 2276 ‘

133 2347 291 2432 διανοίας
312 2357 510 2443 πρακτικῆς,
538 2357 558 2424 i.
582 2381 609 2422 e.
632 2355 872 2441 intellegentiae
899 2354 1185 2443 cogitationisque,
1213 2376 1297 2442 quae

132 2454 176 2521 ad
203 2456 366 2542 agendum
395 2469 557 2546 spectant,
586 2482 650 2548 quo
678 2481 761 2547 quae
789 2457 830 2522 sit
857 2467 948 2524 recta
968 2457 1051 2524 ratio
1080 2454 1146 2542 (τίς
1166 2451 1295 2526 ἐστίκὸ

133 2552 242 2646 ὀρθὸς
264 2554 379 2646 λόγος)
403 2561 557 2627 doceatur
580 2573 612 2627 et
635 2583 719 2650 quae
742 2561 835 2626 huius
858 2560 899 2626 sit
922 2561 1064 2627 delinitio
1087 2559 1160 2645 (καὶ
1178 2553 1298 2636 τούτου

132 2658 184 2741 τίς
206 2657 293 2749 ὅρος.
315 2663 337 2727 l.
354 2662 375 2726 l.
398 2661 456 2744 VI,
479 2664 494 2726 1
518 2673 599 2728 extr.
624 2663 737 2747 2in.):
760 2687 835 2729 nam
857 2672 926 2729 turn
949 2664 1091 2749 demum,
1116 2688 1189 2730 eum
1210 2675 1297 2730 reete

134 2763 206 2858 quis
228 2765 309 2830 sciat
332 2763 409 2854 quid
432 2765 510 2831 velit
525 2775 557 2830 et
571 2775 669 2850 recte,
692 2766 724 2831 h.
740 2789 768 2832 e.
789 2776 880 2833 recta
893 2766 957 2852 via,
974 2768 1052 2833 velit
1066 2767 1100 2833 id
1116 2767 1203 2855 q‘uod
1226 2791 1297 2834 esse

134 2890 247 2934 verum
271 2869 351 2934 sciat
373 2889 514 2956 vereque
536 2867 658 2936 bonum
681 2869 885 2957 cognoverit,
909 2870 979 2936 fieri
1002 2892 1097 2960 posse
1120 2881 1213 2960 putot
1233 2871 1298 2938 No

132 2979 212 3053 ster,
241 2980 276 3038 ut
297 2971 400 3038 virtus
421 2971 555 3058 eiusque
582 2971 655 3038 finis
684 2973 738 3061 qui
759 2971 801 3038 sit
822 3011 863 3020 —
884 2970 924 3040 τὸ
946 2969 1049 3042 καλόν
1071 3013 1113 3024 -
1140 2974 1298 3041 efficiatur

134 3073 195 3155 (ib.
212 3073 271 3157 VI,
288 3075 321 3159 2;
346 3076 386 3140 10
401 3076 512 3156 extr).
551 3074 635 3142 Sunt
658 3075 744 3142 enim
760 3096 801 3140 ex
816 3078 976 3144 sententie
992 3079 1184 3146 Aristoteles
1200 3077 1297 3144 animi

133 3175 262 3242 habitus
285 3177 422 3265 ideoque
439 3176 535 3242 etiam
551 3177 687 3244 virtutes
705 3179 786 3244 aliae
802 3201 935 3262 morum,
959 3183 1041 3249 eliae
1055 3180 1296 3267 intellegentiae

136 3287 171 3344 et
194 3278 396 3366 cogitationis
419 3281 494 3368 (τῆς
516 3275 685 3363 διανοίας)
695 3281 731 3364 ³).
752 3321 787 3330 -
805 3283 930 3349 Harum
954 3282 1093 3370 denique
1116 3302 1296 3361 enumero,

136 3419 174 3430 -
198 3382 264 3447 τῶν
287 3376 413 3468 dessein
434 3383 654 3471 dioecesaneis
678 3419 722 3432 —
750 3384 903 3467 habitum,
931 3385 986 3472 qui
1016 3406 1110 3449 verus
1137 3383 1192 3466 sit,
1226 3403 1298 3448 eum

134 3484 260 3550 ratione
283 3486 324 3550 ad
346 3485 508 3572 agendum
531 3487 808 3554 accommodatum
836 3484 920 3571 (ἕξιν
946 3478 1061 3574 ἀληθῆ
1086 3483 1170 3569 μετὰ
1197 3479 1299 3569 λόγου

134 3582 337 3676 πρακτικήν)
360 3590 516 3655 accedere
539 3600 674 3679 oportet,
699 3590 789 3656 cuius
804 3590 838 3654 vi
857 3599 889 3655 et
911 3611 973 3676 ope
997 3589 1119 3655 deviis
1142 3589 1298 3655 corebus

137 3689 181 3756 ad
203 3691 404 3779 propositum
428 3701 502 3781 apte
524 3694 702 3760 ferentibus
726 3691 882 3779 (περὶτὰ
905 3685 1079 3782 ἀνθρώπῳ
1103 3687 1220 3780 ἀγαθὰ
1243 3692 1300 3761 καὶ

134 3788 237 3878 κακά)
260 3793 502 3862 deliberandum
517 3796 558 3863 sit
580 3798 615 3881 (l.
631 3797 651 3862 l.
668 3796 699 3861 5.
719 3797 824 3861 114οὸ
839 3796 860 3860 4
878 3801 984 3886 sqq.):
1007 3808 1207 3885 quopropter
1229 3820 1300 3887 pre·

135 3898 208 3988 prio
235 3908 438 3987 nuncupetur
469 3900 676 3967 educatorum
708 3921 779 3963 esse
813 3899 925 3988 reique
955 3901 1104 3988 publicae
1137 3911 1298 3970 rectorum

136 4002 455 4090 gubernatorumque
485 4005 586 4070 virtus
620 3998 865 4090 (ἐπιτακτική),
896 4027 960 4092 qua
989 4003 1134 4072 homines
1161 4005 1298 4073 eumad

135 4105 313 4174 iubendum
327 4114 396 4174 tum
412 4106 454 4172 ed
469 4107 648 4195 parendum
663 4107 770 4174 dextri
784 4108 865 4175 fiant
882 4116 980 4197 etque
994 4108 1102 4178 idonei
1125 4108 1183 4197 (ib.
1199 4135 1228 4178 c.
1247 4112 1296 4177 11.

139 4273 340 4288 m

214 4361 232 4426 ¹)
251 4360 289 4413 cl.
302 4361 380 4413 Hom.
394 4359 489 4428 Odyss.
503 4324 541 4424 ll,
554 4359 607 4416 219
619 4375 675 4428 sqq.

211 4447 232 4515 ²)
252 4449 292 4501 Cf.
306 4448 529 4516 Trendelenburg‚
543 4448 576 4499 ad
588 4447 632 4503 Ar.
646 4449 678 4501 de
690 4464 731 4502 en.
745 4451 780 4514 ΙΙ,
795 4450 810 4504 1
824 4449 859 4518 (p.
872 4449 925 4506 323
940 4453 991 4518 eq.)
1010 4451 1070 4506 eoll.
1083 4453 1146 4504 Met.
1160 4451 1192 4516 V,
1204 4450 1229 4504 8.

213 4535 233 4606 ¹)
251 4535 624 4606 ror.1v‚14.1eeeoresq.
