3154 5252
612 421 821 485 ,15-

136 598 380 683 officiorumque
403 593 591 661 vicissitudo
615 593 773 680 quaedam
795 595 879 660 inter
901 594 1043 679 singulos
1060 594 1146 659 cives
1168 594 1297 661 civium-

137 723 199 790 que
222 697 410 764 societatem
434 695 625 779 continetur,
647 695 717 760 fieri
742 705 774 760 et
795 704 902 782 potest
924 705 957 760 et
979 696 1085 780 debet,
1108 707 1142 762 ut
1164 696 1206 762 ad
1228 719 1297 784 per-

133 904 211 970 Huc
233 902 365 990 quidem
387 903 443 967 illa
464 901 626 989 portinent
645 901 708 966 tria
731 922 815 987 quae
837 899 1028 966 Aristoteles
1050 925 1088 966 eo
1117 903 1189 969 loco
1211 901 1296 967 unde

133 1005 319 1072 dissertatio
341 1004 482 1092 primum
504 1001 695 1090 principium
717 1004 803 1092 cepit
824 1002 1049 1090 perspicienda
1070 1004 1130 1070 sibi
1156 1005 1298 1093 suscepit

134 1109 222 1192 (Pol.
242 1107 302 1189 IV,
325 1109 363 1172 17
388 1109 497 1189 extr.).
539 1105 723 1172 Videndum
751 1125 839 1187 esse,
874 1103 1014 1192 primum
1045 1129 1122 1170 num
1151 1107 1296 1172 ordinem

135 1209 302 1298 quendam
325 1203 437 1290 (τάξιν
456 1201 547 1290 τινά)
569 1207 609 1272 de
628 1229 804 1294 puerorum
825 1205 1013 1272 educatione
1028 1207 1205 1292 instituere,
1227 1219 1296 1274 turn

135 1311 284 1378 eiusdem
300 1311 348 1376 rei
364 1333 471 1376 curam
487 1319 593 1376 utrum
607 1309 772 1397 publicam
786 1333 856 1375 esse
872 1333 915 1374 an
932 1346 968 1356 —
985 1317 1022 1374 ut
1036 1308 1106 1374 fieri
1121 1311 1240 1376 soleret
1254 1347 1296 1359 -—

135 1414 317 1502 privatam,
344 1422 503 1500 postremo
536 1411 676 1499 denique
705 1410 833 1499 qualem
862 1406 982 1494 (ποίαν
1007 1406 1095 1498 τινά)
1127 1435 1198 1478 eam
1227 1435 1298 1479 esse

135 1523 313 1603 oporteret.
339 1551 380 1562 —
406 1517 492 1580 Ante
514 1515 622 1579 emnia
644 1537 683 1579 ac
709 1514 849 1601 primum
872 1513 1001 1601 quidem
1029 1537 1070 1580 ex
1092 1516 1204 1581 Nostri
1228 1537 1298 1581 sen·

137 1618 244 1683 tentia
266 1615 306 1681 ad
327 1616 487 1704 publicam
510 1617 647 1682 salutem
672 1615 854 1703 augendam
877 1627 909 1680 et
924 1615 1183 1703 amplificandam
1205 1617 1298 1704 legis-

141 1719 295 1785 latoribus
309 1718 419 1805 reique
433 1718 583 1806 publicae
598 1719 778 1785 rectoribus
789 1718 822 1783 id
833 1718 1010 1785 curandum
1026 1741 1096 1785 esse
1112 1729 1248 1802 constat,
1262 1729 1299 1785 ut

15 1872 19 1877 .
140 1821 183 1886 ad
199 1842 306 1886 omnes
323 1821 492 1886 facultates
515 1830 548 1885 et
569 1831 655 1886 artes
675 1820 782 1887 omnia
803 1842 887 1907 quac
909 1821 973 1887 sint
986 1824 1169 1888 necessaria
1185 1816 1300 1910 ‘prae'-

136 1923 313 1988 doceantur
341 1918 672 2011 (προπαιδεύεσθαι)
703 1934 800 2009 atque
822 1916 920 1990 ‘ante'
955 1924 1071 2012 singuli
1100 1925 1218 2012 quique
1246 1924 1298 1992 ad-

133 2025 274 2090 snefiant
297 2023 583 2115 (προεθίζεσθαι)
612 2051 684 2092 cum
707 2025 893 2091 muneribus
916 2035 948 2090 et
969 2029 1120 2114 operibus
1144 2027 1299 2092 obeundis

131 2137 205 2193 tum
231 2126 406 2194 virtutibus
435 2129 624 2194 exercendis
648 2127 732 2211 (Pol.
749 2129 780 2191 V
802 2125 922 2214 [Vlup
946 2131 991 2210 1).
1025 2127 1171 2207 Quarum
1190 2151 1299 2194 rerum

137 2231 358 2318 neglegentia,
373 2241 409 2295 ut
421 2231 466 2296 ait
476 2230 677 2312 Aristoteles,
692 2229 763 2294 fieri
777 2251 841 2294 non
856 2238 964 2314 potest
978 2230 1040 2294 nisi
1057 2230 1172 2295 damno
1185 2232 1232 2295 rei
1244 2253 1299 2318 pu·

140 2332 243 2398 blicae
267 2332 402 2418 eiusque
416 2333 700 2398 administrationis
713 2333 846 2415 formae,
862 2330 962 2413 cuius,
979 2341 1014 2397 ut
1029 2332 1074 2396 ita
1089 2333 1203 2415 dicam,
1227 2355 1299 2419 pro-

135 2434 210 2520 pria
230 2443 348 2500 natura
370 2443 467 2521 atque
489 2434 613 2501 indoles
637 2425 755 2522 (ἦθος)
778 2434 907 2500 omnino
923 2432 1044 2499 tuenda
1065 2444 1122 2517 est,
1147 2436 1298 2522 qnoniam

136 2559 267 2624 semper
294 2557 335 2601 ex
363 2547 495 2624 optuma
522 2559 650 2624 quaque
676 2536 784 2602 indole
811 2546 942 2624 optuma
968 2559 1096 2624 quoque
1123 2540 1223 2603 oritur
1251 2538 1298 2601 rei

134 2639 286 2727 publicae
298 2637 569 2705 administrandae
585 2641 688 2705 ferma
706 2634 776 2726 (dai
788 2664 829 2707 το
817 2637 1013 2724 βέλτιστον
1027 2631 1116 2727 ἦθος
1129 2635 1300 2724 delaturos

135 2765 253 2809 αιτιοι
281 2737 514 2825 πολιτείαςγ.)
558 2741 628 2806 Iam
654 2743 735 2808 haec
762 2753 836 2810 sunt
862 2744 895 2810 in
922 2741 1047 2807 Ethicis
1069 2743 1159 2808 libris
1181 2743 1301 2808 tradit

133 2847 181 2929 (1,
208 2845 249 2910 13
269 2845 329 2930 in.)
355 2854 388 2910 et
417 2869 456 2910 ea
484 2844 615 2932 quidem
642 2868 714 2910 cum
740 2845 778 2910 iis
805 2846 902 2911 rebus
936 2867 1062 2910 conexa
1091 2868 1174 2934 quae
1201 2869 1300 2935 supra

132 2947 259 3014 Nostro
282 2957 411 3014 auctore
434 2947 677 3034 disputavimus.
708 2947 741 3011 Is
758 2947 843 3014 enim
859 2946 985 3031 dicitur,
1010 2948 1065 3036 qui
1079 2941 1301 3036 gubernacula

134 3050 185 3115 rei
213 3049 362 3136 publicae
388 3059 502 3116 tenere
529 3071 606 3114 vere
633 3043 729 3132 (καθ’
761 3043 944 3137 ἀλήθειαν)
972 3061 1094 3136 potest,
1128 3053 1161 3116 in
1190 3074 1299 3116 earum

137 3173 246 3218 rerum
269 3152 374 3218 studio
396 3152 597 3239 potissimum
612 3151 715 3216 videri
731 3153 934 3236 exercitatus,
957 3176 1022 3241 quo
1044 3177 1103 3243 per
1123 3178 1218 3220 usum
1241 3154 1301 3218 vir-

140 3253 219 3319 tutis
248 3255 288 3320 ad
316 3255 402 3320 vitae
435 3256 599 3341 perfectae
634 3256 881 3341 prosperitatem
914 3257 1059 3324 homines
1093 3255 1299 3346 perveniant:

135 3349 310 3440 ίβούλεται
339 3354 401 3444 γὰρ
430 3354 509 3434 τοὺς
536 3352 677 3434 πολίτας
704 3351 858 3443 ἀγαθοὺς
885 3363 997 3427 ποιεῖν
1023 3359 1080 3426 καὶ
1103 3359 1169 3424 τῶν
1189 3351 1300 3439 νόμιον

135 3453 327 3546 ὑπηκόους]
372 3459 473 3525 Cuius
495 3459 542 3524 rei
565 3460 715 3548 exempla
736 3459 857 3526 Noster
883 3461 1216 3528 Lacedaemoniorum
1237 3463 1301 3527 fert

134 3561 339 3650 cretumque
360 3562 572 3649 legislatores.
616 3562 670 3626 Ad
698 3563 834 3628 eandem
861 3583 929 3627 rem
953 3573 1100 3650 spectant
1122 3587 1205 3652 quae
1228 3587 1301 3630 con-

133 3666 225 3730 ferre
237 3663 347 3730 lroebrt
358 3664 454 3730 etiam
465 3664 547 3730 haee
558 3663 742 3730 Amstotelrs
758 3665 850 3746 (ath.
861 3665 905 3729 N.
913 3665 957 3747 X,
971 3669 1000 3732 8.
1018 3669 1130 3734 118οα
1144 3669 1185 3733 14
1196 3669 1301 3754 sqq)

130 3760 212 3832 ‘Vir
234 3769 351 3851 bonus,
373 3769 494 3856 inquit,
519 3770 573 3856 qui
595 3771 721 3834 futurus
743 3767 800 3849 sit,
824 3789 897 3832 eum
919 3768 1003 3833 bene
1025 3769 1155 3836 educari
1178 3769 1302 3852 (καλῶς

135 3871 326 3958 τραφῆναι)
349 3880 476 3959 opertet
497 3871 747 3958 adsuefierique,
780 3878 849 3935 tum
871 3871 917 3934 ita
939 3870 1023 3956 aptis
1045 3873 1157 3940 studiis
1178 3871 1302 3939 institu-

134 3974 246 4060 tisque
262 3975 361 4040 vitam
377 3973 578 4040 directam
547 3995 668 4055 vivere,
690 3984 845 4058 utusque
863 3971 964 4037 invito
979 3994 1042 4038 nec
1056 3974 1180 4042 lubenti
1195 3977 1301 4043 animo

135 4075 263 4162 aliquid
285 4084 438 4163 peccetur
460 4076 659 4165 inprobeque
677 4076 746 4140 fiat:
768 4074 801 4139 id
825 4074 911 4162 quod
926 4074 965 4140 iis
986 4085 1094 4163 potest
1114 4081 1301 4166 contingere

134 4179 197 4267 qui
214 4188 356 4245 mentem
373 4178 513 4267 aliquam
537 4175 637 4263 (κατά
652 4203 725 4244 τινα
741 4179 843 4262 νοῦν),
866 4178 1022 4245 rationem
1044 4191 1232 4270 rectumque
1255 4206 1302 4247 or·

135 4283 251 4348 dinem
275 4274 385 4364 (τάξιν
409 4276 548 4370 ὀρθήν),
577 4285 642 4348 vim
670 4281 857 4366 habentem,
885 4292 1050 4371 tamquam
1078 4285 1163 4351 vitae
1188 4284 1301 4349 ducem

215 4511 233 4576 ¹)
253 4510 290 4560 cf.
310 4511 394 4573 Plato,
414 4511 476 4576 Rep.
490 4511 562 4574 VllI,
580 4526 605 4576 p.
622 4509 701 4558 adad.
