3154 5252
598 407 809 474 „31-

124 585 400 674 multiplicemque
423 583 565 648 fructum
588 581 696 670 capiat
715 581 764 645 vir
779 603 820 646 ex
837 601 875 645 ea
890 601 926 644 re
943 601 1039 668 quam
1056 603 1136 668 puer
1151 581 1285 648 iocando

124 688 328 775 ludendoque
352 685 592 752 exercitaverit.

214 897 263 959 17.
287 895 339 959 De
362 915 399 958 eo
416 891 503 978 quod
519 888 560 954 ad
581 889 811 954 nutrimentum
835 899 866 954 et
887 890 1121 956 incrementum
1144 894 1286 979 corporis

125 998 267 1086 pertinet
296 988 516 1084 (θρεπτικόν,
540 985 729 1079 αὖξησικόν)
758 1001 928 1080 postquam
952 992 1101 1074 disserui,
1130 995 1191 1060 hoc
1214 1019 1288 1082 quo·

126 1124 190 1186 que
213 1099 395 1187 philosophi
410 1100 511 1162 nostri
526 1094 690 1184 proprium
705 1096 815 1182 paucis
831 1094 1098 1160 considerandum
1121 1108 1179 1180 est,
1203 1099 1288 1186 quod

128 1201 267 1268 eumad
294 1223 448 1266 sensuum
475 1199 713 1287 perceptionem
741 1193 971 1284 (αἰσθητικόν)
999 1208 1138 1286 spectet,
1167 1200 1229 1266 illis
1255 1213 1310 1267 ut.

128 1308 317 1371 continuato
341 1325 512 1390 progressu
541 1303 604 1390 (τῷ
626 1299 761 1389 ἐφεξῆς)
789 1312 942 1389 tanquam
968 1301 1149 1366 conditione
1174 1304 1290 1369 dicitur

128 1408 305 1473 contineri:
339 1399 416 1472 δίνου
444 1403 592 1492 μὲνγὰρ
624 1407 684 1472 σοῦ
713 1407 900 1493 θρεπτικοῦ
930 1403 969 1471 erl
1003 1401 1201 1491 αἰσθητικὸν
1230 1402 1289 1474 οὐκ

130 1509 223 1576 ἔστιν
246 1509 366 1592 (dean.
382 1511 426 1590 Il,
442 1511 473 1574 3.
496 1510 584 1572 4141>
599 1510 641 1573 33
658 1511 757 1596 sqq).
783 1547 818 1556 -
845 1509 966 1574 Sensus
987 1505 1181 1596 (αἴσθησις)
1203 1514 1288 1598 apud

133 1613 339 1678 Aristotelem
362 1613 511 1676 alienatio
534 1605 747 1695 (ἀλλοίωσις)
774 1613 932 1699 quaedam
953 1651 988 1658 -
1013 1613 1153 1699 patibilis
1179 1651 1214 1698 -‚-
1241 1625 1289 1678 est

133 1735 171 1778 re
194 1716 299 1780 sensili
327 1709 522 1800 (αἰσθητόν)
550 1715 582 1780 in
610 1717 799 1780 sentientem
829 1710 1108 1798 (αἰσθανόμενον)
1137 1719 1252 1782 effecta
1263 1718 1287 1799 ¹)

134 1817 190 1899 (de
211 1841 260 1882 an.
282 1820 331 1900 Il,
354 1821 405 1901 5):
434 1818 571 1882 efficitur
600 1830 707 1884 autem
734 1819 791 1883 tali
820 1820 959 1899 ratione,
990 1821 1115 1906 qualem
1146 1821 1228 1885 inter
1254 1843 1288 1884 se

131 1919 248 1986 babere
270 1920 420 1987 dicuntur
443 1914 584 2002 δύναμις
607 1933 638 1986 et
661 1919 817 2009 ἐνέργεια,
841 1925 952 1988 ποιεῖν
975 1933 1006 1986 et
1022 1918 1169 2004 πάσχειν,
1193 1946 1289 2010 agere

128 2033 161 2087 et
172 2023 242 2109 peti
260 2025 310 2088 vel
323 2025 444 2090 inferre
461 2036 493 2090 et
507 2025 630 2090 illatum
646 2024 768 2112 aliquid
783 2025 927 2111 recipere
950 2026 988 2107 (l.
1005 2026 1025 2089 l.
1042 2029 1133 2090 tlte
1149 2029 1168 2090 9
1184 2029 1289 2114 sqq.):

126 2137 301 2213 utrumque
322 2129 462 2208 demum,
486 2129 691 2216 quantumvis
711 2138 859 2192 enatura
883 2129 1065 2192 alterutrius
1088 2128 1225 2208 differat,
1250 2130 1290 2193 ed

125 2253 229 2294 unum
256 2229 405 2317 idemque
434 2230 562 2296 videtur
590 2230 797 2313 convenire²)
832 2230 888 2312 (de
916 2251 968 2294 an.
994 2231 1057 2312 III,
1081 2231 1112 2294 2.
1145 2233 1233 2294 4251>
1249 2231 1289 2294 25

126 2335 191 2398 τοῦ
214 2327 383 2420 αἰσθητοῦ
405 2329 589 2422 ἐνέργεια
610 2332 746 2419 καὶτῆς
769 2327 963 2420 αἰσθήσεως
985 2326 1005 2420 ἦ
1030 2327 1112 2419 αὐτῆ
1135 2331 1196 2416 μέν
1219 2331 1289 2400 ἐστι

127 2436 184 2502 καὶ
204 2433 277 2519 μία,
299 2435 338 2504 aei
361 2433 393 2504 δ’
418 2429 507 2504 εἶναι
528 2433 569 2504 οὐ
590 2431 712 2506 ταύτὸν
736 2431 867 2520 αὐτοῖς)
887 2475 922 2483 -
940 2435 1150 2524 percipiendi,
1174 2435 1289 2518 dicam,

131 2539 166 2602 in
185 2550 270 2622 actu,
289 2541 440 2606 -animi
464 2543 611 2629 quedam,
635 2553 670 2608 ut
694 2543 755 2606 alio
778 2542 849 2606 loco
872 2541 984 2623 fertur,
1007 2561 1065 2628 per
1088 2561 1202 2628 corpus
1226 2562 1290 2604 mo-

131 2642 217 2706 tione
241 2645 299 2725 (ef.
324 2644 363 2709 de
386 2669 499 2712 somno
523 2647 557 2728 Ι,
576 2647 667 2713 sesa
683 2647 716 2711 8:
745 2639 870 2732 κίνησίς
894 2666 947 2722 τις
974 2641 1033 2709 διὰ
1055 2645 1115 2709 τοῦ
1137 2637 1290 2725 σώματος

127 2749 189 2832 τῆς
210 2749 319 2838 ψυχῆς
341 2741 439 2830 ἔσοι’).
455 2785 491 2796 -
507 2748 663 2815 Sensibus
686 2749 804 2836 apertis
820 2771 871 2812 res
888 2771 921 2812 sc
936 2748 1104 2830 obferunt3
1129 2759 1160 2811 et
1182 2769 1290 2833 quem·

128 2849 178 2912 vis
204 2871 244 2914 ex
267 2850 450 2916 Aristotelis
473 2852 632 2917 sententia
661 2874 725 2916 non
748 2851 890 2916 omnium
914 2851 1103 2916 acutissimis
1127 2849 1291 2938 praeditus

131 2954 172 3018 sit
196 2955 290 3018 homo
314 2954 370 3036 (de
386 2977 437 3018 en.
454 2955 501 3036 ΙΙ,
522 2956 542 3019 9
560 2957 625 3042 sq.)
651 2991 686 3000 —
716 2956 767 3020 cui
801 2967 926 3021 tantum
956 2963 1103 3038 gustatus
1133 2965 1164 3018 et
1186 2964 1291 3018 tactus

47 3097 52 3108 ι
133 3056 227 3120 valde
256 3057 383 3122 subtilis
414 3069 446 3122 et
468 3069 636 3146 praestans
665 3057 844 3144 peculiares
875 3059 1117 3124 dicunturesse
1141 3055 1291 3139 (διὸκαὶ

134 3155 388 3256 φρονιμώτατόν
414 3159 484 3228 ἐσσι
511 3162 584 3226 eoin
606 3155 712 3248 ζῴων)
743 3159 763 3224 l.
783 3162 802 3225 l.
823 3162 916 3226 otta
935 3161 991 3246 22)
1019 3197 1053 3206 ψ
1086 3159 1290 3224 nihilominus

135 3274 239 3328 tamen
264 3287 344 3330 unus
373 3287 413 3329 ex
436 3265 584 3330 omnibus
611 3263 824 3330 animantibus
852 3264 997 3331 sensibus
1025 3264 1071 3329 uti
1098 3273 1204 3349 potest
1227 3285 1289 3324 non

136 3367 226 3432 modo
253 3367 292 3432 ad
317 3369 572 3433 conservandum
599 3366 740 3454 corporis
768 3367 910 3454 vigorem
933 3367 989 3432 sed
1013 3365 1170 3432 etiamad
1195 3365 1290 3428 enimi

133 3471 252 3535 bonam
275 3481 421 3536 naturam
445 3471 653 3536 excolendam
677 3481 709 3535 et
732 3470 962 3557 perficiundam
986 3470 1042 3552 (ef.
1060 3467 1135 3531 Eth.
1155 3468 1217 3548 HI,
1238 3470 1290 3552 133

130 3599 164 3662 p.
182 3599 232 3638 an.
250 3574 294 3655 H,
314 3577 358 3656 1).
400 3576 512 3641 Potest
536 3575 658 3640 discere
681 3575 785 3655 homo,
809 3583 841 3636 et
863 3571 1013 3636 discendo
1037 3570 1229 3652 movetur³).
1252 3611 1290 3619 --

131 3677 297 3764 Incipiens
313 3679 398 3742 enim
414 3702 432 3742 a
448 3702 542 3743 sensu
561 3717 596 3726 -
616 3673 682 3760 ἔχει
703 3673 765 3763 γὰρ
781 3669 922 3757 δύναμιν
944 3667 1113 3761 σύμφυτον
1135 3670 1290 3762 κριτικήν,

129 3771 173 3870 ἣν
195 3781 354 3846 καλοῦσιν
383 3775 544 3868 αἴσθησιν
554 3782 582 3863 ⁴)
606 3819 642 3828 -
666 3803 728 3868 quo
752 3801 858 3844 rerum
882 3779 1005 3843 formae
1029 3787 1061 3840 et
1082 3788 1184 3856 notae
1200 3781 1291 3865 quasi

130 3887 325 3951 auferuntur
347 3883 471 3966 (dean.
488 3886 552 3967 ΙΙΙ,
573 3885 609 3968 9)
633 3896 751 3961 motus,
779 3903 838 3970 per
860 3880 1123 3966 imaginationem
1145 3883 1290 3968 (φαντα-

130 3985 211 4056 σίαν
234 4025 274 4036 «-
298 3982 461 4073 αἴσθησιν
486 3981 670 4076 bessem
699 3995 911 4075 propagatus,
942 4007 1014 4050 cum
1044 4005 1150 4050 rerum
1181 4009 1291 4073 perce-

211 4161 228 4225 ¹)
248 4161 287 4212 ef.
300 4163 522 4232 Trendelenhnrg,
535 4165 552 4217 l.
566 4166 583 4216 1.
595 4169 733 4216 eommont.
747 4179 771 4230 p.
784 4161 837 4216 362
850 4178 888 4228 sq.

209 4249 228 4312 9)
248 4249 285 4303 Cf.
300 4251 524 4318 Trendelenburg,
537 4252 554 4303 l.
568 4254 586 4303 l.
599 4269 623 4319 p.
637 4251 697 4306 436.

209 4336 228 4400 ³)
248 4338 285 4389 Cf.
300 4339 386 4392 dean.
399 4341 447 4404 ΙΙΙ,
460 4340 485 4394 3.
503 4339 582 4394 428³
595 4339 628 4392 19
641 4356 697 4406 sqq.
722 4339 781 4392 coll.
795 4341 856 4390 tues.
870 4338 941 4403 vul,
956 4339 979 4394 6.
1000 4337 1089 4394 retes
1101 4339 1137 4394 98
1149 4357 1186 4406 sq.

206 4425 227 4490 ⁴)
247 4427 294 4476 An.
308 4443 350 4494 po.
362 4429 398 4493 ΙΙ,
413 4429 454 4485 19.
471 4426 582 4483 99135.

208 4513 227 4579 ⁶)
247 4513 285 4566 Cf.
298 4516 519 4585 prodeuntem,
533 4517 551 4567 l.
565 4517 583 4568 1.
596 4532 620 4583 p.
634 4513 743 4581 stim-3
763 4514 814 4571 166
827 4531 896 4583 sqq.;
915 4516 967 4572 149
980 4534 1035 4584 sq.;
1052 4517 1114 4573 598.
