3156 5246
629 359 856 424 -107-

161 557 215 613 τις
238 535 273 616 (ξ
292 531 332 597 10
346 533 457 613 extr.)
492 526 729 618 Contemplatio
751 527 911 617 quaedam
933 536 982 594 est
1003 527 1178 597 beatitudo.
1209 529 1325 617 Itaque

164 637 259 702 bomo
282 634 426 722 sapiens,
450 655 523 699 oum
545 632 731 698 munoribus
752 633 905 720 fungatur
926 631 1026 696 menti
1048 631 1269 700 consentaneis
1293 643 1326 696 et

164 741 247 804 hano
263 737 357 819 colat,
380 746 413 802 et
427 738 535 802 animo
551 743 679 822 optume
695 733 840 799 adlectus
863 727 1104 816 (διακείμενος)
1127 741 1159 798 et
1178 733 1238 799 diis
1254 755 1325 800 osse

165 840 347 907 carissimus
363 838 492 906 videtur
507 837 566 921 (ib.
583 836 642 900 aa
658 859 684 902 s.
700 837 751 918 fi).
782 835 944 922 Namque,
961 835 1015 915 ait,
1038 837 1065 901 si
1081 835 1123 900 dii
1139 834 1325 902 inmortales

163 943 375 1008 humanarum
387 961 506 1024 rerum,
520 951 555 1007 ut
566 939 746 1020 videantur,
760 938 899 1025 aliquam
909 959 1017 1002 curam
1028 939 1178 1019 habeant,
1191 958 1325 1026 eospro·

162 1045 270 1110 babile
285 1044 354 1109 fore
370 1044 431 1110 hoo
446 1045 620 1132 praecipue
634 1039 748 1121 iuvari,
764 1040 851 1128 quod
867 1048 1033 1125 optumum
1050 1041 1091 1108 sit
1106 1042 1168 1130 (τῷ
1184 1035 1324 1129 ἀρίστῳ)

164 1146 275 1233 eisque
291 1145 369 1231 ipsis
386 1147 526 1212 maxime
542 1154 715 1232 cognatum
738 1143 799 1230 (τῷ
813 1137 1055 1232 συγγενεστάτῳ
1066 1181 1108 1193 -
1119 1145 1218 1211 τοῦτο
1233 1141 1266 1211 d'
1284 1139 1325 1212 dv
1434 1180 1438 1188 ι

163 1243 216 1334 εἴη
229 1240 249 1313 ὁ
264 1249 342 1326 νοῦς
353 1250 419 1331 -),
442 1257 476 1314 et
486 1246 652 1336 probabile
663 1244 845 1311 hominibus
858 1244 1089 1332 prospicientes
1105 1245 1143 1310 iis
1158 1245 1323 1328 delectari,

166 1349 220 1437 qui
243 1349 322 1415 illud
344 1371 453 1415 amore
474 1349 613 1434 maximo
636 1348 880 1434 conplectantur
900 1347 1095 1436 plurimique
1123 1348 1259 1430 faciant,
1291 1357 1323 1414 et

165 1451 303 1538 gratiam
325 1453 363 1517 iis
383 1453 504 1518 referre
521 1461 553 1516 et
567 1451 650 1516 bene
669 1449 805 1516 reddere
828 1443 1079 1533 (ἀντευποιεῖν),
1103 1449 1193 1516 velut
1214 1471 1323 1516 rerum

169 1554 350 1641 quaeipsis
377 1577 471 1620 carae
500 1553 701 1641 dilectaeque
728 1551 792 1616 sint
822 1574 931 1617 curam
961 1551 1152 1618 habentibus
1181 1563 1214 1616 et
1234 1563 1323 1618 reete

163 1649 310 1742 (ὀρθῶς)
332 1665 365 1722 et
385 1658 498 1744 pulcre
521 1656 663 1739 (καλῶς)
686 1652 856 1739 agentibus
867 1655 903 1736 ¹).
922 1689 958 1702 *-
978 1655 1016 1720 In
1038 1655 1182 1742 perfecta
1204 1654 1323 1720 virtute

164 1767 236 1822 actu
261 1759 452 1826 conveniant
475 1781 608 1825 neeesse
632 1766 680 1823 est
702 1778 767 1821 una
789 1755 965 1821 honestatis
986 1765 1254 1845 optumarumque
1276 1779 1323 1822 re·

165 1883 234 1924 rum
257 1861 390 1942 fructus,
414 1883 486 1928 cum
509 1861 807 1948 negotiouaeantes
823 1856 887 1921 otio
903 1867 1034 1944 optume
1054 1860 1210 1925 fruamur.
1249 1857 1322 1938 Quo

160 1961 224 2027 frui
261 1963 326 2028 iam
356 1963 476 2027 dictum
505 1975 555 2029 est
593 1986 651 2029 nos
685 1959 767 2024 scire
798 1957 916 2026 debere
949 1961 986 2042 (ξ
1006 1959 1049 2024 40
1073 1962 1150 2047 sq).
1202 1963 1320 2049 Itaque

163 2063 304 2128 maxime
326 2063 479 2128 scientiae
501 2075 566 2145 est,
593 2062 744 2130 scientiae
773 2070 880 2126 autem
908 2061 1049 2127 maxime
1071 2064 1239 2150 sapientis,
1271 2065 1322 2130 eui

164 2165 306 2230 omnium
340 2175 469 2252 optume
497 2165 561 2231 otio
589 2167 651 2230 frui
678 2163 837 2250 contingit
870 2161 929 2256 (ib.
954 2165 1068 2230 1179a
1087 2165 1161 2248 29):
1196 2162 1249 2234 ὅτι
1283 2166 1321 2234 dd

160 2263 275 2334 πάντα
294 2269 464 2356 ταῦτατῷ
487 2269 584 2358 σοφῷ
604 2261 745 2350 μάλισθ’
767 2259 919 2352 ὑπάρχει,
942 2261 1002 2332 οὐκ
1023 2259 1163 2352 ἄδηλον.
1192 2273 1319 2356 θεοφι-

161 2369 320 2450 λέστατος
341 2362 417 2456 ὅρα.
452 2369 589 2457 Sapiens
613 2368 673 2435 deo
697 2380 745 2434 est
765 2369 956 2435 carissimus.
989 2369 1183 2453 Verisimile,
1205 2370 1320 2458 inquit,

164 2473 299 2539 eundem
328 2493 456 2559 quoque
483 2471 703 2538 beatissimum
728 2493 811 2538 esse:
845 2472 890 2538 ita
918 2481 954 2538 ut
979 2473 1107 2558 sapiens
1136 2474 1196 2539 hoo
1225 2473 1322 2538 modo

164 2575 258 2641 homo
282 2574 323 2640 sit
345 2573 486 2639 maximo
508 2572 632 2638 beatus.
655 2611 698 2620 -
790 2637 792 2642 ,

642 2791 839 2804 m

249 2982 304 3050 Sic
326 2983 525 3055 Aristoteles.
543 3019 579 3032 —-
598 2983 695 3052 Unde
712 2993 761 3050 est
777 3007 850 3050 orsa
870 2985 904 3049 in
927 2987 1041 3054 eodem
1061 2985 1202 3074 quodam
1225 2985 1320 3051 modo

161 3083 273 3150 finitur
305 3085 493 3155 dissertatio.
522 3125 559 3136 -
589 3087 762 3152 Excuses
788 3086 942 3174 gignendi
963 3099 995 3154 et
1024 3088 1189 3156 crescendi
1211 3109 1318 3154 neees-

64 3191 66 3198 ’
164 3187 269 3270 sitate,
293 3211 375 3276 quae
397 3201 513 3256 natura
527 3190 573 3274 fit,
595 3192 697 3276 usque
713 3187 754 3256 ad
769 3189 888 3256 claram
905 3188 1029 3256 seiundi
1046 3190 1319 3278 intellegendique

162 3290 330 3356 veritatem
358 3293 464 3358 omnia
489 3290 641 3380 gradibus
669 3291 708 3356 ad
736 3290 770 3356 id
797 3314 896 3356 unum
922 3289 1082 3374 nituntur,
1109 3303 1146 3359 ut
1172 3316 1231 3381 pro
1261 3315 1321 3360 sua

163 3391 374 3458 destinatione
397 3393 499 3460 bonus
520 3395 578 3459 fiat
600 3394 695 3459 horno
718 3401 814 3479 atque
833 3393 957 3468 beatus.
1002 3392 1089 3458 Hinc
1112 3395 1241 3462 omnino
1265 3396 1320 3461 illa

165 3495 372 3578 concinnitas,
391 3471 460 3584 qua
475 3518 554 3582 opus
570 3495 726 3561 educandi
746 3503 869 3578 natura,
890 3515 991 3577 moro,
1015 3494 1161 3562 doctrina
1176 3499 1320 3586 perficia-

164 3605 216 3662 tur
242 3608 376 3685 oportet.
422 3596 518 3677 Quod
545 3597 629 3663 enim
652 3621 671 3663 a
693 3597 845 3685 potentia,
873 3607 909 3663 ut
931 3598 976 3662 ita
998 3595 1117 3680 dicam,
1147 3601 1188 3665 ad
1211 3612 1319 3668 aetum

161 3696 265 3764 veniri
286 3698 391 3784 debet,
416 3701 493 3790 quid
515 3710 564 3766 est
586 3698 671 3765 aliud
692 3699 753 3765 nisi
776 3721 815 3765 ea
843 3721 925 3789 quae
947 3709 1094 3766 vetorum
1118 3700 1318 3771 Graecorum

162 3799 297 3868 artificio
318 3803 491 3892 praecipue
517 3800 614 3869 insita
640 3801 823 3888 videbatur,
851 3801 1006 3870 libertatis
1029 3801 1318 3895 pulcritudinisque

160 3903 281 3986 forma,
305 3903 360 3968 illa
381 3903 558 3994 imperante
580 3904 705 3972 ratione
734 3915 766 3972 et
788 3917 909 3991 mente,
937 3906 1017 3972 haoo
1046 3908 1319 3992 praestantissima
1400 3917 1402 3922 '

160 4005 278 4072 virtute
311 4005 467 4092 perfecta.
499 4041 542 4054 --
574 4005 713 4096 Sapiens
744 4009 835 4096 quasi
866 4007 1007 4075 omnium
1032 4008 1174 4074 maxime
1207 4012 1318 4096 pulcer

164 4102 296 4191 (καλός)
320 4116 378 4190 est,
402 4106 521 4196 quippe
543 4107 632 4174 ouius
660 4098 761 4176 virtus
788 4111 934 4197 perfecta
961 4112 1128 4178 honestate
1158 4115 1319 4179 continea-

163 4217 230 4275 tur:
265 4219 313 4275 est
333 4209 476 4278 omnium
502 4210 644 4277 maxime
670 4211 752 4280 liber
779 4209 1007 4304 (ἐλεύθερος),
1035 4236 1108 4282 eum
1130 4213 1183 4280 uni
1206 4226 1319 4300 pareat

236 4433 254 4498 ¹)
274 4433 314 4487 Cf.
325 4435 341 4498 i
352 4435 387 4492 47
398 4437 469 4504 (sto.
482 4437 513 4491 N.
527 4437 573 4503 IX,
589 4436 607 4491 8
619 4438 679 4504 sup).
775 4437 779 4442 ’
