3154 5252
779 399 988 464 ..30-

307 575 396 640 Inest
417 574 512 654 ¹enim,
535 583 571 638 ut
593 572 691 638 sentit
711 571 844 651 Noster,
869 571 961 657 quasi
983 569 1134 636 materies
1157 569 1199 634 ad
1219 569 1361 655 speciem
1383 569 1467 634 futu-

306 699 413 741 rarum
437 675 591 740 virtutum
613 696 784 762 puerorum
809 674 841 738 in
865 673 962 754 ludis,
988 673 1042 762 qui
1064 709 1107 722 —-
1124 665 1398 758 ίπροοδοποιεῖν>
1423 709 1465 718 -·-

308 781 391 843 viam
415 777 585 842 videantur
607 779 790 864 patefacere
813 777 1138 864 praecursionemque
1160 773 1313 838 adhibere
1336 774 1378 838 ad
1400 774 1466 838 otia

306 893 402 968 atque
430 881 560 967 negotia
587 880 771 967 posterioris
796 877 908 942 aetatis
936 877 993 960 (cf.
1009 877 1082 944 Pol.
1104 879 1125 942 l.
1142 877 1188 957 1.).
1233 877 1359 942 Natura
1382 898 1466 962 quae

306 984 406 1050 inscia
428 983 498 1070 ipsa
520 984 644 1068 legibus
668 979 857 1070 quibusdam
881 980 1113 1068 obsequitur¹),
1137 979 1292 1044 laetitiam
1313 977 1466 1065 adpetere

308 1084 487 1151 hominibus
509 1108 637 1172 quoque
659 1087 691 1149 in
715 1095 847 1172 pectora
869 1083 985 1148 insevit
1013 1084 1113 1166 (Hist.
1136 1107 1186 1148 an.
1207 1081 1302 1160 VIII,
1326 1084 1341 1145 l
1366 1090 1465 1146 extr:

308 1183 424 1254 διώκει
445 1186 483 1253 δὲ
505 1183 615 1254 πάντα
636 1186 696 1275 τὴν
717 1183 802 1252 κατὰ
819 1180 921 1273 φύσιν
936 1178 1093 1273 ἡδονήν);
1117 1195 1149 1249 et
1164 1185 1265 1250 maior
1281 1209 1353 1250 cum
1371 1184 1467 1248 celeri

308 1316 481 1380 puerorum
495 1293 693 1356 incremento
705 1288 834 1353 vivendi
853 1289 901 1352 vis
920 1290 1090 1356 coniuncta
1106 1299 1155 1355 est
1169 1328 1204 1336 -
1222 1287 1279 1354 καὶ
1290 1282 1354 1376 ridi)
1366 1279 1385 1374 ἦ
1399 1281 1467 1353 νεό-

303 1394 407 1480 MN·
427 1432 464 1441 —
484 1395 599 1480 Itaque
622 1391 763 1458 ludendo
786 1392 1058 1480 opportunissima
1082 1404 1129 1458 est
1144 1393 1289 1480 pueritia,
1313 1414 1377 1456 non
1400 1402 1467 1456 tam

308 1522 371 1586 quo
396 1497 493 1563 animi
516 1497 661 1561 remissio
686 1487 831 1579 (doecre)
854 1494 912 1558 fiat
927 1494 978 1558 vel
999 1495 1156 1560 recreatio
1180 1490 1403 1578 (ἀνάπαυσις)
1424 1517 1468 1558 ex

308 1624 404 1688 opere
428 1601 571 1687 perfecto
593 1621 690 1686 quam
708 1597 906 1662 confirmatio
922 1597 1028 1682 potius
1045 1599 1281 1686 strenuitasque
1305 1598 1344 1664 ad
1368 1619 1467 1684 opera

306 1704 389 1769 benc
405 1701 603 1790 perficiunda
623 1702 677 1783 (cf.
691 1701 760 1766 Pol.
771 1701 791 1764 l.
805 1701 826 1765 l.
850 1699 920 1764 coll.
939 1701 1050 1765 1339a
1065 1703 1121 1765 29:
1145 1695 1265 1768 οὐθενὶ
1279 1699 1341 1788 γὰρ
1355 1695 1470 1766 ἀτελεῖ

307 1801 471 1894 προσήκει
492 1804 613 1886 τέλος).
643 1842 677 1850 -
702 1804 791 1868 Finis
814 1803 992 1888 inperfecto
1016 1826 1078 1868 non
1108 1805 1268 1870 convenit.
1292 1841 1335 1854 -
1358 1804 1469 1882 Quare

307 1910 494 1975 Aristoteles
507 1930 678 1995 puerorum
692 1906 783 1972 ludos
800 1905 927 1992 publice
944 1905 1096 1970 custodiri
1112 1907 1201 1974 iubet
1217 1901 1468 1990 (παιδονόμοι),

307 2036 348 2077 ne
370 2011 512 2076 indecori
534 2011 612 2076 fiant
633 2022 665 2075 et
679 2009 862 2089 illiberales,
886 2032 927 2074 ne
942 2009 1092 2078 laboriosi
1108 2007 1299 2093 (ἒπίπονοι)
1324 2021 1357 2076 et
1372 2009 1470 2072 disso-

307 2115 365 2180 luti
382 2115 438 2197 (ib.
456 2115 512 2195 IV,
533 2117 579 2178 li.
601 2113 764 2178 1336a28
782 2113 846 2200 sq.)
857 2113 893 2193 ³).
925 2112 1023 2176 Pueri
1039 2111 1123 2178 enim
1139 2115 1328 2179 csententia
1344 2111 1468 2190 Nostri,

308 2219 466 2299 homiues,
493 2255 528 2264 -
558 2226 594 2280 ut
615 2217 660 2280 ita
681 2215 801 2297 dicam,
830 2253 864 2264 -·
888 2213 1066 2296 naturales,
1090 2238 1199 2280 rerum
1222 2217 1380 2282 varietate
1403 2239 1467 2280 mu-

308 2321 494 2408 tationeque
521 2342 594 2384 cum
621 2321 798 2404 gaudeant,
828 2341 955 2405 semper
983 2339 1080 2402 agere
1103 2317 1223 2405 aliquid
1246 2320 1404 2400 volucr).
1427 2356 1469 2366 -

307 2425 377 2490 Iam
393 2421 566 2510 accipimus
591 2421 649 2503 (ib.
666 2423 705 2503 V,
722 2424 753 2487 6.
778 2421 884 2485 1340o
900 2421 942 2484 Ξῖ)
957 2423 1058 2507 sqq.):
1083 2445 1199 2508 pueros
1221 2432 1370 2509 oportere
1394 2426 1467 2508 qua-

307 2527 393 2612 piam
415 2548 451 2590 re
474 2537 646 2612 occupatos
670 2547 740 2590 esse
767 2522 869 2608 (ἔχειν
889 2520 964 2590 τινὰ
989 2519 1194 2611 διαεριβήν);
1222 2547 1329 2612 neque
1351 2525 1467 2588 iniuste

308 2632 390 2694 hanc
415 2628 455 2692 ob
479 2651 607 2692 causam
630 2628 796 2692 inventurn
825 2650 894 2692 esse
924 2628 1029 2713 putari
1054 2628 1219 2713 Archytae
1249 2626 1332 2715 quod
1364 2626 1464 2688 infan-

307 2729 391 2794 tibus
422 2732 614 2816 praebeatur
643 2730 879 2816 crepitaculum¹
896 2725 1098 2816 (πλαταγή),
1127 2742 1163 2795 ut
1190 2732 1250 2796 boc
1276 2737 1395 2795 utentes
1419 2748 1460 2792 ex

308 2833 489 2898 domesticis
512 2834 608 2898 rebus
630 2833 715 2898 nihil
732 2833 897 2918 frangant:
923 2859 997 2900 nam
1016 2828 1078 2916 (ori
1099 2833 1160 2923 γὰρ
1184 2828 1321 2900 δύναται
1334 2829 1372 2896 τὸ
1389 2829 1464 2898 νέον

307 2931 495 3024 ἡσυχάζειν)
521 2937 678 3024 puerilem
712 2945 850 3001 aetatem
884 2937 1049 3024 quiescere
1080 2960 1145 3002 nou
1173 2960 1278 3025 posse.
1306 2973 1347 2982 ——
1379 2933 1467 3013 Quid

307 3040 429 3126 igitur?
461 3039 573 3104 Nostri
595 3039 753 3109 sententia
775 3041 843 3104 fere
873 3040 955 3104 baec
983 3050 1046 3105 est:
1082 3041 1239 3128 quidquid
1266 3050 1380 3106 natura
1407 3036 1469 3102 sibi

307 3144 460 3230 deposcit,
485 3165 575 3225 cave,
598 3164 639 3206 ne
662 3164 816 3230 umquam
831 3143 1001 3230 neglegas:
1024 3153 1057 3208 at
1081 3144 1151 3209 aliis
1174 3143 1260 3208 aliud
1284 3141 1394 3208 decori
1418 3150 1468 3204 est

308 3257 340 3310 et
363 3245 526 3310 convenit:
553 3245 779 3332 grandioribus
807 3256 883 3312 natu
911 3246 1068 3312 industria
1092 3245 1186 3312 dccet
1207 3245 1371 3332 animique
1396 3267 1470 3308 con·

307 3349 420 3428 tentio,
451 3347 589 3412 minores
617 3371 654 3412 ac
684 3349 777 3433 pueri
804 3349 941 3416 infantes
965 3373 1022 3438 per
1046 3348 1139 3414 ludos
1162 3361 1365 3414 exercentur.
1412 3345 1470 3412 Sic

309 3452 453 3517 membra
475 3449 653 3515 redduntur
675 3451 805 3516 mobilia
828 3464 860 3517 et
881 3453 1016 3536 habilia3
1039 3451 1206 3538 voluptate
1222 3474 1333 3516 sensus
1352 3472 1470 3514 acuun-

308 3565 359 3618 tur
381 3554 473 3637 (Etb.
490 3553 532 3618 N.
549 3553 592 3635 X,
614 3553 644 3618 5.
672 3555 781 3620 1175u
795 3556 862 3636 30).
909 3553 1033 3633 Quibus
1061 3554 1158 3619 rebus
1181 3553 1370 3620 Aristoteles
1395 3553 1471 3617 edu-

309 3666 452 3720 catorum
475 3668 675 3722 censetesse
698 3657 782 3722 bene
805 3668 837 3721 et
859 3670 932 3745 apte
955 3658 1019 3738 uti,
1043 3678 1163 3742 easque
1186 3679 1283 3742 quam
1305 3655 1375 3720 fieri
1398 3679 1470 3742 pos·

309 3762 349 3824 sit
371 3770 501 3846 optume
524 3768 556 3824 et
577 3761 741 3848 aptissime
765 3758 934 3842 adiuvare,
959 3784 1031 3825 cum
1052 3759 1143 3847 pueri
1169 3758 1316 3823 ludentes
1341 3781 1379 3824 ea
1400 3760 1471 3823 imi-

308 3875 415 3928 tentur
431 3885 512 3950 quae
529 3864 627 3928 adulti
650 3865 732 3928 serio
757 3873 872 3950 agant:
893 3857 1052 3948 μιμήσεις
1073 3865 1138 3928 τῶν
1154 3858 1291 3950 ὕστερον
1314 3862 1469 3928 σπουδα-

307 3966 452 4049 ζομένων
474 3968 531 4049 (cf.
547 3965 617 4032 Pol.
635 3966 655 4030 l.
672 3967 691 4031 l.
718 3966 826 4030 1336a
841 3967 909 4048 34).
944 3967 1029 4032 Fore
1050 3967 1107 4032 tali
1124 3966 1229 4048 modo,
1253 3976 1289 4032 ut
1307 3965 1469 4053 duplicem

383 4239 400 4304 ¹)
419 4241 459 4290 De
471 4257 495 4306 p.
509 4256 550 4289 an.
564 4239 585 4300 1,
600 4237 624 4289 1.
643 4237 714 4291 639t
727 4237 762 4292 30
774 4253 845 4304 sqq.;
864 4239 924 4290 coll.
937 4237 997 4288 Eth.
1012 4240 1042 4291 N.
1057 4240 1133 4305 llas
1147 4243 1182 4291 in.

381 4325 400 4391 ²)
419 4327 478 4377 Eth.
492 4329 522 4378 N.
536 4327 584 4389 111,
598 4325 645 4388 15;
665 4327 723 4391 VH,
738 4325 779 4379 15.
799 4325 888 4379 1154u
901 4343 940 4391 sq.

381 4414 400 4478 ³)
419 4415 458 4466 Os.
471 4415 556 4479 Plato,
568 4415 651 4482 Legg.
665 4415 723 4478 VII,
737 4414 789 4468 803
801 4430 823 4464 c.
837 4430 875 4480 sq.

379 4505 400 4570 ⁴)
419 4503 493 4554 Rhat.
508 4503 528 4566 Ι,
540 4501 583 4555 11.
603 4502 810 4570 loricatam.
