3156 5246
594 417 804 480 ...91-

119 586 301 655 houestatis
323 586 419 652 dorus
441 585 495 669 (τὸ
511 582 631 669 καλόν)
656 589 835 654 continetur
848 589 882 668 ¹).
933 586 1049 674 Neque
1072 587 1134 652 alia
1156 587 1278 656 ratione

121 689 212 776 apud
234 689 390 754 Nostrum
419 689 599 758 invenimus
627 689 667 754 de
695 690 873 774 deligendis
902 689 1122 756 instrumentis
1150 685 1281 773 (ποίοις

121 785 281 878 ὀργάνοις
301 790 472 880 χρηστέον)
502 803 597 878 atque
621 791 724 858 irrodis
752 793 877 856 censeri
901 793 975 874 (1.1.
999 795 1110 858 1341o
1128 795 1164 859 17
1181 797 1279 882 sqqss),

121 896 227 960 Vetat
245 895 432 962 Aristoteles
455 896 628 983 praecipue
655 894 803 959 tibiarum
831 917 922 960 usum
945 895 978 962 in
1000 917 1174 982 puerorum
1196 895 1282 962 iusti·

121 998 279 1064 tutionem
302 995 423 1078 induci,
452 997 540 1063 euius
564 997 610 1060 rei
633 1006 797 1084 optumam
827 1019 956 1062 eausam
980 995 1031 1062 uel
1053 1007 1181 1083 praeter
1203 997 1281 1062 illud

122 1101 306 1180 Minervae,
323 1100 415 1186 quod
438 1099 556 1182 adfert,
581 1100 973 1184 argumentandum)
996 1099 1090 1164 facile
1112 1100 1281 1186 intelleges

122 1205 185 1286 (ef.
200 1204 222 1268 l.
235 1203 255 1267 l.
274 1202 383 1266 1339t
398 1205 466 1284 21).
489 1203 574 1268 Prae
589 1201 712 1289 Lydiae
729 1199 884 1285 (ludenti,
899 1197 1128 1286 μιξολυδιστί)
1149 1202 1287 1279 mollitie

122 1318 159 1370 et
180 1304 375 1381 remissione,
401 1327 477 1389 prae
493 1305 656 1390 Phrygiae
679 1301 866 1394 (φρυγιστί)
890 1307 997 1372 lurore
1012 1315 1044 1370 et
1060 1305 1281 1385 concitatione,

121 1408 278 1474 Doricam
301 1403 470 1492 (dorpanei)
493 1407 603 1472 laudat
628 1408 788 1490 sedatam,
813 1409 937 1474 uirilem
960 1411 1192 1503 honestamque
1213 1409 1284 1472 har·-

123 1509 265 1576 moniam
295 1510 352 1586 (ib.
376 1510 539 1602 1340a39
559 1533 630 1596 sqq.
660 1511 731 1576 uoll.
761 1512 924 1576 1342a29
947 1509 1058 1597 sq.)²).
1112 1510 1177 1576 Sed
1206 1512 1280 1577 hine

125 1611 263 1698 denique
286 1611 327 1676 ad
350 1613 478 1678 tertium
502 1611 621 1698 aliquid
646 1614 800 1678 venimus.
817 1651 853 1660 -
874 1613 966 1692 Quae
990 1613 1119 1700 quidem
1142 1637 1213 1680 euru
1237 1613 1284 1680 ita

126 1715 201 1794 siut,
223 1733 329 1800 neque
352 1714 455 1780 solum
477 1715 672 1780 instituenda
695 1717 870 1782 sedetiam
893 1717 938 1780 ita
961 1716 1157 1782 instituenda
1179 1717 1284 1782 videa·

127 1827 181 1882 tur
202 1816 337 1894 musica,
366 1827 401 1881 ut
423 1816 584 1900 honestati
612 1819 742 1883 omnino
765 1817 951 1895 conveniat,
974 1818 1063 1904 sequi
1086 1819 1220 1904 adparet
1245 1855 1280 1866 -

128 1919 161 1984 id
183 1920 267 2006 qnod
290 1919 385 1984 dooet
407 1919 654 1984 Aristoteles-
671 1933 706 1984 ut
729 1921 770 1986 ad
793 1919 977 1984 educandos
996 1942 1113 2007 pueros
1136 1921 1286 2006 pueriles·

126 2021 336 2108 queranimos
358 2021 544 2106 purgandos
568 2016 744 2102 (παιδείας
766 2019 873 2088 ἕνεκεν
888 2022 944 2088 καὶ
959 2017 1173 2107 καθάρσεως)
1196 2024 1285 2090 nulla

123 2123 190 2188 alia
213 2131 320 2187 utatur
341 2121 462 2186 musica
484 2145 544 2188 neo
565 2123 630 2188 ulla
654 2122 726 2188 alia.
745 2124 924 2206 harmonia,
954 2126 1015 2190 uisi
1043 2147 1126 2212 quae
1149 2127 1286 2193 honesta

125 2222 186 2303 sit,
218 2222 270 2286 vel
293 2223 684 2303 omniumhonestissima
708 2227 795 2306 (ταῖς
815 2220 1046 2313 ἠθικωτάταις
1068 2253 1094 2292 e.
1118 2228 1148 2291 l.
1174 2229 1282 2294 13416

127 2325 168 2390 19
184 2325 284 2412 sqq).
317 2359 354 2371 ·-—
386 2323 484 2411 [Louo
512 2325 641 2392 laudato
672 2327 761 2394 vides
784 2329 975 2415 Spengeli³)
1009 2351 1061 2396 me
1090 2332 1282 2398 emendatio·

126 2448 202 2490 uem
224 2439 369 2492 secutum
393 2447 481 2509 esse,
503 2428 586 2494 haue
614 2429 700 2510 (636
721 2433 799 2516 aql:
830 2428 991 2511 παιδείας
1018 2429 1124 2498 ἕνεκεν
1146 2433 1203 2500 καὶ
1223 2459 1281 2502 κα·

124 2523 283 2615 θάρσιως
300 2577 307 2592 .
323 2577 353 2593 ..
369 2527 454 2614 πρὸς
471 2526 647 2618 διαγωγήν,
668 2527 778 2616 τρίτον
794 2531 831 2600 δὲ
846 2532 932 2620 πρὸς
947 2527 1058 2600 άνεσίν
1072 2559 1108 2601 τε
1123 2536 1179 2603 καὶ
1193 2563 1221 2604 τ,
1238 2539 1278 2618 1.,

127 2653 217 2712 saue,
246 2641 278 2696 et
300 2631 396 2696 rebus
427 2643 459 2698 et
486 2631 591 2700 verbis
621 2635 698 2721 ipsis
724 2635 802 2698 eatis
829 2649 1020 2722 permotum.
1065 2640 1117 2710 De
1147 2639 1216 2724 ipsa
1237 2663 1281 2724 re,

125 2733 204 2820 quid
219 2733 340 2800 Nostro
362 2755 435 2798 oum
450 2733 579 2800 omnino
596 2746 663 2800 turn
680 2736 740 2800 hoe
756 2736 825 2800 loeo
846 2739 984 2806 valuerit
1004 2735 1172 2826 κάθαρσις
1195 2745 1282 2826 (coll.

125 2835 219 2900 Poet.
241 2837 270 2902 6.
298 2837 407 2900 1449o
423 2838 465 2900 24
485 2841 586 2924 sqq),
615 2838 823 2924 permultum,
845 2842 916 2926 quis
938 2846 1055 2924 ueseit,
1083 2847 1283 2916 doctissimos

125 2935 269 3002 homiues
292 2938 395 3004 adhue
410 2939 640 3026 disputasse⁴):
663 2961 723 3002 neo
739 2942 887 3028 equidem
904 2945 980 3008 satis
995 2947 1070 3030 seio,
1093 2973 1169 3014 num
1186 2951 1282 3018 etiam

125 3037 222 3104 hodie
245 3040 304 3104 sub
327 3040 432 3106 iudice
454 3041 492 3106 lis
515 3044 570 3122 sit,
599 3065 659 3106 nee
688 3067 764 3108 vero
791 3058 936 3112 nostrum
957 3050 1075 3134 poterit
1097 3073 1167 3116 esse
1190 3054 1283 3139 plura

126 3141 192 3206 huo
213 3139 363 3230 adferre]
402 3147 447 3208 At
469 3146 616 3230 purgatio
638 3145 807 3231 quaedam,
830 3147 941 3214 Nostri
965 3173 1005 3216 ex
1029 3153 1133 3218 animo
1157 3156 1283 3222 videtur

125 3245 159 3311 iu
182 3245 269 3309 omni
289 3247 411 3310 musica
433 3247 572 3332 quodam
586 3247 682 3312 modo
698 3249 816 3314 inesse:
839 3261 937 3336 atque
959 3252 1144 3335 harmoniis,
1168 3255 1281 3342 iuquit,

123 3346 331 3434 perspiouum
354 3357 410 3427 est,
433 3349 585 3414 utendum
609 3349 738 3436 quidem
761 3355 907 3418 omnibus
931 3374 1001 3419 esse
1028 3356 1199 3440 (χρηστέον
1219 3358 1281 3440 μὲν

122 3443 252 3528 πάσαις
273 3446 347 3528 ταίς
368 3443 572 3534 ἁρμονίαις),
604 3462 637 3516 at
665 3461 753 3516 oerte
780 3477 844 3518 non
872 3454 984 3520 eodem
1014 3458 1109 3524 modo
1133 3460 1281 3526 omuibus

123 3545 184 3638 (ori
220 3551 279 3620 τὸν
308 3549 409 3618 αὐτὸν
440 3552 478 3620 δὲ
506 3550 632 3639 τρόπον
665 3551 825 3638 πάσαις);
859 3567 891 3622 et
925 3559 1103 3626 animorum
1135 3561 1281 3628 adfectus

123 3651 292 3740 (πάθος),
320 3656 346 3720 is
377 3656 540 3738 videlieet,
570 3679 635 3742 quo
662 3657 731 3724 fieri
754 3671 860 3746 potest
891 3670 927 3726 ut
954 3663 1100 3728 nonnulli
1128 3665 1221 3730 valde
1249 3677 1282 3732 et
1375 3685 1376 3690 ’

123 3760 244 3828 aeriter
266 3768 527 3825 commoveantur
549 3754 821 3844 (κατοκώχιμοι),
851 3765 903 3828 hie
926 3763 1054 3850 quidem
1080 3765 1113 3830 in
1135 3766 1282 3836 omnibus
1385 3849 1387 3858 ,

127 3895 329 3908 nun—m

202 3975 221 4041 ¹)
239 3976 280 4028 0¹·
292 3976 307 4037 6
320 3973 362 4030 20·

199 4063 220 4128 2)
238 4063 277 4116 cf.
288 4060 406 4125 Boeukh,
421 4061 688 4128 demererentur,
703 4064 717 4118 7
731 4067 767 4116 in

200 4147 220 4213 ³)
238 4149 307 4201 Abh.
321 4149 345 4200 d.
359 4147 527 4214 phil-philol.
539 4150 581 4200 Kl.
596 4152 620 4202 d.
634 4154 703 4204 Bair.
717 4152 797 4204 Aead.
812 4153 835 4203 d.
849 4153 890 4208 W.
904 4155 973 4211 1860
985 4159 1031 4222 IX,
1047 4159 1099 4226 lp.
1114 4160 1200 4216 1-50
1220 4164 1272 4214 ooll

125 4237 253 4302 Beruays,
266 4237 334 4287 Abh.
348 4235 372 4286 d.
386 4235 525 4300 hist-phil.
540 4239 598 4287 Ges.
613 4239 729 4302 Brealau,
743 4239 812 4294 1858
827 4243 839 4291 Ι
853 4249 878 4292 et
889 4243 982 4294 Rhein.
996 4245 1064 4296 Mus.
1079 4246 1157 4312 1859,
1171 4247 1211 4301 14.

198 4322 220 4387 ⁴)
238 4323 276 4374 Of.
293 4324 414 4390 Lessing,
433 4323 529 4375 Hamb.
543 4325 631 4375 Dram.
651 4327 685 4387 ΙΙ,
704 4328 750 4377 Νο.
771 4326 874 4383 74-78
893 4330 964 4395 (οοΙΙ.
981 4333 1072 4396 Arist,
1089 4335 1164 4385 Rhst.
1184 4337 1219 4401 ll,
1239 4337 1280 4399 9);

126 4409 237 4474 Goethe,
256 4409 384 4462 Naohleae
401 4429 422 4460 τ.
436 4412 525 4472 Arist,
544 4419 622 4478 poet,
640 4413 744 4478 Werlre,
757 4413 829 4482 461).
851 4416 884 4470 16
901 4434 970 4485 sqq.;
992 4421 1109 4485 Bueokh,
1128 4423 1187 4474 Ges.
1207 4425 1279 4474 Sehr.

126 4503 204 4551 oratt.
217 4496 239 4561 l,
253 4513 277 4563 p.
292 4496 355 4562 1803
368 4499 462 4562 Zeller,
477 4499 522 4549 Ph.
537 4499 561 4550 d.
575 4501 618 4552 Gr.
635 4501 661 4552 ΙΙ
674 4517 699 4567 p.
713 4502 765 4556 610
778 4503 827 4566 (ed.
842 4503 929 4569 1862).
