3156 5246
636 391 863 456 ,105-

85 591 89 597 ’
164 559 374 626 subtilitatem
391 558 450 624 sibi
468 560 602 646 requirit
620 584 703 652 quae
719 556 773 643 (ἐξ
785 555 1007 644 laeandrus)
1031 562 1246 628 abstrahendo
1263 563 1329 628 effi·

166 664 247 730 citur
273 660 408 728 scientia
430 663 583 728 maiorem
607 685 704 750 quam
729 685 767 728 ea
790 687 873 752 quae
895 662 947 750 <ta
965 663 1202 754 προσθέσεως)
1227 664 1329 740 deter-

164 764 315 830 minando
337 764 383 846 fit,
407 775 443 830 ut
466 765 562 851 logici
586 765 705 830 dicunt.
751 763 852 832 Cuius
873 767 921 832 rei
944 769 1128 855 exemplum
1151 769 1214 834 fert
1232 767 1327 832 arith·

165 867 313 932 meticam
344 876 376 932 et
404 867 634 953 geometricam
658 867 874 956 disciplinam,
903 880 986 958 quae
1015 870 1161 958 quamvis
1189 878 1326 957 utraque

162 967 217 1052 (ἒξ
237 963 465 1057 ἀφαιρέσεως)
489 969 706 1036 abstractione
732 970 933 1055 conficiatur,
963 973 1009 1038 illi
1030 985 1152 1052 tamen,
1178 971 1326 1038 arithme-

160 1073 264 1154 ticae,
296 1071 480 1138 subtilitatis
512 1066 715 1158 (ἀκριβείας)
743 1073 815 1161 plus
837 1076 955 1160 poterit
977 1097 1073 1162 quam
1108 1073 1183 1140 huic
1208 1073 1324 1152 inesse,

160 1177 316 1262 quoniam
346 1173 388 1239 ad
415 1175 581 1240 notionem
609 1175 839 1262 magnitudinis
867 1199 906 1243 ea
939 1177 1136 1244 extensionis
1167 1167 1324 1242 accedere

159 1275 290 1342 videtur
312 1277 367 1359 (cf.
385 1279 448 1342 An.
464 1299 516 1364 po.
534 1278 560 1360 Ι,
577 1279 644 1360 27).
681 1276 764 1344 Inde
785 1277 939 1344 etiamad
955 1278 1134 1345 docendum
1158 1277 1324 1365 aptissima

164 1379 227 1444 dici
249 1379 458 1467 potuitquae
483 1401 549 1446 non
579 1379 780 1468 experientia·
808 1380 865 1446 sed
893 1381 1163 1468 contemplatione
1186 1379 1267 1444 duce
1290 1380 1324 1444 in

161 1479 401 1567 perscrutandis
429 1481 703 1570 explorandisque¹
727 1482 969 1554 rerumoansis
1001 1492 1160 1548 versatur.
1189 1517 1231 1532 -
1260 1483 1324 1546 De

162 1582 290 1670 scripsit
312 1593 421 1649 autem
441 1584 649 1672 philosophus
678 1593 790 1649 noster
811 1583 1003 1671 sapientem,
1035 1585 1089 1672 qui
1112 1585 1152 1649 ab
1176 1583 1323 1650 omnibus

162 1684 254 1772 quasi
286 1709 411 1752 summo
444 1687 565 1752 honore
589 1687 703 1774 dignus
727 1686 895 1752 habeatur.
940 1689 973 1754 Is
1003 1687 1085 1754 enim
1115 1688 1170 1775 qui
1197 1686 1324 1752 sciundi

164 1809 272 1854 amore
300 1800 479 1856 commotus
509 1811 547 1854 eo
574 1789 725 1877 pervenit
752 1787 978 1876 perfectionis,
1011 1801 1048 1856 ut
1078 1813 1202 1856 summa
1224 1809 1320 1876 quam
1368 1805 1373 1818 ‘

164 1892 302 1960 maxime
325 1915 364 1958 ae
380 1892 691 1959 difficillimaanimo
710 1891 933 1978 conplectatur
953 1902 1083 1980 praeter
1097 1913 1208 1958 omnes
1225 1890 1320 1956 etiem

162 1991 296 2060 idoneus
320 2005 379 2077 est,
404 1995 458 2082 qui
480 2017 593 2060 verum
617 2003 649 2059 et
671 1994 792 2060 honum
815 1993 901 2080 quod
924 1994 992 2081 ipae
1015 1993 1227 2072 intellexerit,
1255 2015 1323 2058 cae·

161 2105 248 2160 teros
272 2106 304 2161 et
327 2118 522 2183 cognoscere
544 2097 659 2162 doceat
685 2107 718 2162 et
738 2096 845 2161 facere
874 2095 992 2160 iubeat.
1032 2096 1085 2161 Es
1109 2117 1212 2183 aequo
1236 2094 1322 2160 enim

162 2219 236 2262 cum
257 2197 340 2266 inter
357 2221 468 2264 ornnes
489 2209 611 2266 tantum
634 2198 796 2264 excellere
818 2197 904 2264 dices
920 2208 1074 2285 quantum
1093 2196 1163 2262 aliis
1178 2206 1321 2283 praestet

159 2321 219 2366 sna
241 2301 370 2385 virtute,
394 2323 458 2388 qua
479 2325 544 2367 non
559 2310 626 2367 tam
641 2301 817 2368 humanum
840 2323 936 2388 quam
953 2299 1096 2366 divinum
1114 2296 1234 2386 aliquid
1250 2319 1323 2363 con·

159 2400 315 2490 sequitur.
359 2401 447 2468 Hinc
467 2403 583 2469 iterum
607 2403 802 2470 monendum
825 2413 889 2481 est,
913 2403 946 2469 id
970 2403 1055 2490 quod
1079 2401 1119 2466 ad
1142 2411 1321 2468 extremam

158 2503 221 2570 loci
243 2503 436 2570 sententiam
457 2505 606 2592 pertinet,
629 2528 693 2592 qua
714 2507 842 2574 videtur
863 2506 943 2571 illud
965 2504 1139 2592 significari
1161 2525 1320 2568 summum

106 2617 112 2630 '
162 2617 256 2693 atque
279 2615 456 2693 optumum,
479 2605 565 2692 quod
586 2616 636 2672 est
659 2606 691 2672 in
708 2630 816 2674 rarum
831 2605 1041 2674 universitate
1064 2605 1213 2672 movendi
1237 2604 1322 2692 prin-

160 2707 278 2796 oipium
294 2711 330 2792 (ᾖ
341 2709 385 2774 42
400 2707 471 2774 coll.
487 2707 566 2776 Met.
581 2707 662 2792 XII,
679 2710 708 2774 7.
726 2711 832 2775 1072o
847 2710 920 2792 30):
942 2710 1040 2774 τοῦτο
1056 2706 1118 2794 γὰρ
1135 2702 1153 2774 ὁ
1169 2702 1262 2788 θεός.
1281 2745 1318 2756 -

159 2808 221 2878 cui
244 2811 353 2876 divino
376 2820 572 2897 aeternoque
593 2809 771 2877 intellectui
794 2811 937 2876 divinum
959 2810 1080 2898 aliquid
1102 2819 1133 2874 et
1155 2820 1321 2876 aeternum

159 2913 356 3000 respondere
376 2911 508 2979 humani
529 2913 658 2998 generis
680 2911 846 3002 proprium
869 2911 1016 2982 vidimus.
1062 2912 1155 2992 Inde,
1177 2911 1321 2979 velutin

158 3036 225 3080 una
251 3013 428 3100 sapientiae
455 3015 588 3096 virtute,
620 3013 759 3102 quodam
786 3011 882 3081 modo
908 3014 993 3080 inter
1021 3037 1056 3082 se
1087 3013 1197 3082 divina
1224 3024 1321 3102 atque
1426 3063 1432 3067 -

159 3116 304 3184 humana
323 3111 501 3205 (ἐνεργείᾳ)
525 3126 714 3197 occurrunt,
740 3115 789 3182 ita
810 3116 939 3204 quidem
961 3127 998 3183 ut
1019 3139 1145 3184 summa
1166 3117 1322 3204 perfectio

159 3218 213 3284 dei
226 3229 363 3302 tantum,
386 3223 488 3286 nostri
504 3230 610 3286 autem
627 3216 669 3284 sit
683 3218 723 3284 ad
740 3218 880 3286 divinam
901 3221 1141 3306 perfectionem,
1166 3229 1321 3304 quantum

159 3320 229 3386 heri
250 3320 362 3408 possit,
384 3321 549 3410 adspirare
572 3321 664 3405 (Eth.
678 3321 722 3388 N.
738 3321 782 3403 X,
800 3321 828 3385 7.
854 3321 960 3386 117Ὴι
974 3321 1047 3401 27)ι
1070 3312 1110 3384 od
1133 3315 1195 3405 γὰρ
1216 3308 1240 3408 ᾗ
1262 3310 1321 3386 dv-

158 3416 301 3510 dgomdc
322 3419 422 3506 ἐστιν,
445 3419 531 3490 οὕτω
552 3417 724 3506 βιώσεται,
748 3415 821 3489 ἀλλ’
836 3409 974 3512 ᾗθσῖόν
993 3446 1027 3488 τι
1042 3419 1077 3488 ἐν
1091 3415 1184 3509 αὐτῷ
1204 3415 1321 3510 sindp-

157 3549 220 3610 χει.
237 3565 275 3576 -
293 3520 378 3597 ‘Der
400 3521 558 3604 Menscb’,
580 3526 683 3593 nteit
705 3534 817 3616 poeta,
831 3518 933 3590 ‘kann
955 3523 1038 3592 nach
1062 3521 1120 3588 der
1143 3523 1320 3609 gottlichen

160 3622 301 3696 atreben²
314 3629 351 3712 ¹).
374 3666 411 3678 ·-
434 3629 544 3716 Atque
565 3629 627 3694 nisi
649 3627 721 3711 hoc,
745 3626 821 3718 quid
843 3625 929 3694 aliud
952 3623 1135 3692 Aristotelis
1159 3649 1318 3694 summum

158 3731 319 3798 humanae
343 3731 522 3800 educationi
550 3733 750 3819 propositum
778 3729 901 3798 habes?
929 3763 967 3782 -·-
997 3727 1101 3794 Fuere
1126 3727 1180 3816 qni
1204 3727 1244 3794 ad
1267 3729 1320 3794 ho·

157 3832 262 3900 mines
286 3832 366 3900 bene
389 3831 572 3900 educandos
594 3833 772 3921 despicatui
790 3834 924 3902 nimium
940 3841 1096 3922 quantum
1113 3829 1320 3898 scientiarum

158 3935 390 4024 literarumque
411 3937 570 4004 culturam
593 3936 653 4002 sibi
676 3935 838 4020 duxerint,
865 3959 939 4006 cum
961 3933 1144 4022 discrepare
1167 3934 1213 4000 eis
1235 3932 1321 4002 iuter

158 4058 194 4102 se
214 4037 399 4104 viderentur
418 4037 571 4104 scientiae
593 4038 835 4125 honestatisque
859 4041 1010 4120 virtutes,
1032 4037 1261 4119 humanamm,
1284 4047 1320 4102 ut

158 4138 323 4226 putabant,
345 4147 378 4204 st
393 4136 571 4203 divinarum
588 4161 697 4204 rerum
711 4139 827 4222 studia,
849 4140 986 4229 ideoque
1004 4139 1067 4203 huc
1083 4147 1116 4203 et
1138 4138 1212 4205 illuc
1228 4136 1319 4226 quasi

156 4240 191 4306 in
214 4237 341 4307 diversa
359 4241 448 4311 male
466 4239 552 4306 uani
574 4248 685 4307 nosen
705 4251 830 4311 natura
875 4239 1019 4325 Quorum
1042 4261 1084 4306 ex
1106 4262 1257 4323 numero,
1285 4247 1321 4305 ut

232 4464 251 4528 Ι)
272 4463 311 4516 cr.
324 4463 445 4532 sane,
458 4464 582 4520 uasat
593 4479 618 4530 p.
630 4463 692 4520 aaa
1094 4549 1114 4614 8
