3156 5246
589 457 793 522 „51-

115 624 314 692 adsumenda
341 625 575 717 deligendsque
599 650 668 692 esse
691 650 729 692 ea
752 650 835 715 quae
857 628 895 694 iis
918 631 995 716 ipsis
1018 621 1081 695 sint
1104 629 1190 695 bona
1213 628 1270 714 (eoi

114 724 227 808 αὑτοῖς
252 723 396 816 ἀγαθά).
422 769 457 778 *
483 731 637 797 Eiusdem
665 731 763 796 libelli
793 755 833 798 ex
863 733 1078 821 compluribus
1112 732 1181 798 eliis
1215 734 1270 822 qui

113 835 174 899 huc
201 833 363 920 pertinent
373 835 397 917 ¹)
431 835 509 900 locis
540 834 655 900 iterum
688 834 798 900 licebit
828 834 920 900 nobis
947 835 1156 921 conparare²)
1193 838 1268 902 Etb.

112 937 154 1002 N.
188 933 256 1017 III,
283 936 314 1000 6.
351 937 459 1002 1113a
480 939 536 1019 23,
569 937 624 1003 ubi
659 939 760 1002 haece
789 937 866 1001 facit
900 937 1013 1002 verba:
1047 928 1111 1022 ἆρα
1144 938 1270 1026 φατέον

113 1023 232 1118 ἅπλῶς
253 1038 314 1122 μὲν
333 1038 390 1105 καὶ
404 1035 472 1105 κατ’
490 1033 658 1130 ἀλήθειαν
672 1038 835 1127 βουλητὸν
851 1031 939 1108 εἶναι
956 1034 1117 1127 τάγαθόν,
1142 1037 1269 1132 ἑκάστῳ

112 1143 151 1212 δὲ
171 1143 211 1210 τὸ
234 1136 438 1230 φαινόμενον
446 1171 457 1226 ,-
491 1145 714 1210 Fatendumne
737 1154 801 1222 est,
829 1145 977 1209 universe
1001 1153 1032 1208 et
1055 1167 1188 1211 revera
1210 1149 1269 1212 sub

112 1249 310 1314 voluntatem
334 1246 449 1312 cadere
471 1246 602 1329 bonum,
627 1259 659 1312 at
675 1269 753 1312 vero
769 1243 941 1333 unicuique
962 1246 1081 1312 bonum
1097 1246 1183 1334 quod
1201 1270 1270 1314 esso

113 1351 270 1439 adparet?
315 1349 401 1414 Hinc
424 1350 703 1437 aliquodammodo
727 1349 922 1439 respondere
948 1349 1033 1413 inter
1061 1371 1095 1412 se
1123 1349 1272 1416 videntur

112 1455 152 1522 τὸ
176 1449 380 1544 φαινόμενον
403 1446 538 1540 ἀγαθόν
561 1465 592 1544 et
613 1455 652 1521 τὸ
673 1450 753 1521 cavi:
776 1453 921 1540 profecto
937 1449 1021 1516 idem
1037 1452 1269 1539 propemodum

114 1559 296 1645 significare
319 1567 479 1646 poterunt,
504 1557 563 1622 etsi
586 1581 649 1623 non
667 1557 807 1624 omnino.
823 1593 865 1603 —
884 1554 971 1620 Nam
987 1555 1038 1618 cui
1056 1550 1164 1638 (τινί),
1189 1579 1270 1644 quae

115 1655 313 1749 simpliciter,
334 1661 366 1725 h.
391 1683 418 1725 o.
442 1659 468 1726 ei
491 1684 554 1726 non
579 1659 775 1742 distinxeris,
797 1659 883 1723 bona
906 1666 995 1739 sunt,
1025 1659 1113 1723 velut
1141 1658 1271 1724 divitiae

121 1774 153 1828 et
179 1763 266 1847 talia,
295 1787 353 1852 per
379 1766 531 1828 virtutem
561 1763 646 1829 bona
674 1763 735 1852 ipsi
764 1770 795 1826 et
822 1768 897 1825 sunt
923 1768 956 1823 et
983 1758 1141 1825 videntur.
1187 1762 1271 1827 Illud

120 1867 215 1953 igitur
240 1863 280 1934 τὸ
302 1863 369 1932 τινί
390 1858 556 1952 (ἀγαθόν)
582 1889 708 1954 sempor
739 1874 788 1932 est
814 1863 935 1929 bonum
957 1860 1093 1948 aliquid,
1120 1865 1193 1928 huic
1220 1867 1273 1930 vel

113 1969 244 2054 illinon
267 1991 404 2056 semper.
451 1969 562 2035 Potest
586 1980 707 2051 autern,
736 2005 778 2015 -
805 1966 858 2032 vol
887 1964 986 2030 ctiam
1015 1975 1157 2052 oportet,
1186 1969 1212 2033 si
1239 1968 1273 2034 id

111 2071 200 2158 quod
223 2071 366 2136 moribus
389 2070 596 2138 elfioiuudum
620 2083 669 2140 est
690 2069 893 2158 respicimus,
915 2066 1057 2148 -hoo,
1087 2067 1206 2154 dicam,
1233 2069 1272 2139 τὸ

109 2167 318 2260 φαινόμενον
341 2167 473 2260 ἀγαθόν
496 2197 572 2238 vere
594 2173 714 2242 bonum
739 2194 819 2254 esse,
842 2179 983 2234 attamen
1006 2191 1065 2256 per
1084 2195 1118 2238 se
1133 2196 1197 2238 non
1221 2197 1273 2239 ne·

110 2272 271 2357 cessario,
301 2275 451 2362 quoniam
474 2276 552 2341 nibil
574 2277 734 2365 inpediat,
757 2273 928 2364 quominus
951 2271 1003 2336 vel
1025 2273 1198 2358 pessimum
1221 2277 1274 2342 ali·

110 2377 192 2466 quid
215 2377 265 2442 sit.
294 2414 331 2424 —
361 2376 448 2444 Sane
472 2380 592 2444 homini
615 2381 699 2447 bono
723 2402 760 2444 ac
782 2375 885 2469 probo
909 2396 1036 2460 semper
1062 2374 1096 2442 id
1123 2378 1273 2444 universo

111 2490 212 2567 atque
236 2479 381 2546 absolute
402 2480 523 2546 bonum
546 2473 616 2546 esse
639 2482 811 2570 oportebit,
835 2480 954 2570 quippe
978 2479 1029 2546 cui
1044 2480 1132 2546 eliud
1155 2484 1274 2550 bonum

116 2591 147 2646 et
169 2603 239 2646 esse
264 2592 297 2646 et
318 2581 422 2647 videri
444 2608 486 2648 ne
509 2585 642 2670 cogitari
666 2585 794 2672 quidem
810 2586 921 2674 possit.
950 2579 1014 2649 Fit
1037 2582 1121 2649 enim
1145 2607 1187 2651 ex
1206 2585 1274 2650 eius

113 2694 227 2750 natura
249 2683 325 2770 (did
346 2685 406 2772 τήν
428 2680 572 2776 ἀρετήν),
594 2698 630 2753 ut
651 2687 807 2777 quidquid
831 2689 950 2754 bonum
964 2686 1025 2752 sibi
1040 2685 1190 2774 adpellat,
1212 2688 1274 2754 hoc

111 2809 149 2853 re
171 2809 249 2852 vera
272 2788 321 2866 sit,
335 2790 545 2877 absoluteque
568 2790 735 2873 bonum³).
763 2829 798 2838 —
828 2791 915 2856 Hine
939 2790 1066 2857 demum
1087 2791 1166 2856 ,setis
1188 2791 1274 2856 clare
1324 2845 1326 2848 .

112 2889 259 2977 adparet,
283 2892 359 2978 quid
383 2892 444 2958 sibi
465 2895 544 2959 velit
560 2894 760 2975 Aristoteles,
784 2917 856 2960 cum
877 2893 948 2960 loco
963 2894 1016 2959 illo
1033 2917 1130 2982 supra
1144 2895 1274 2962 laudato

113 2993 173 3077 (de
192 3015 244 3058 an.
266 2993 329 3077 III,
355 2997 410 3078 10)
442 2997 649 3086 cupiditatem
672 2998 758 3063 dicat
779 2995 838 3064 διὰ
859 2995 899 3063 τὸ
922 2988 985 3084 ἤδη
1007 2996 1128 3074 retrahi
1150 2996 1273 3081 iubere,

113 3097 193 3184 quia
216 3095 302 3183 quod
324 3099 486 3184 praesenti
508 3099 660 3188 temporis
676 3111 838 3166 momento
853 3101 917 3164 iam
933 3101 1098 3186 voluptate
1121 3099 1275 3165 adfecerit

112 3198 169 3282 (cd
192 3190 256 3287 ἤδη
280 3191 359 3286 ἡδύ)
389 3211 421 3266 et
443 3225 515 3267 esse
541 3202 690 3270 videatur
712 3197 830 3283 ἁπλῶς
848 3197 912 3292 ἡδύ
937 3213 969 3268 et
992 3196 1105 3280 ἁπλῶς
1127 3195 1273 3289 ἀγαθόν.

117 3342 153 3352 -
171 3303 245 3369 Non
264 3297 435 3386 laodonia
450 3305 640 3393 (cupiditas)
658 3306 713 3371 sed
728 3305 910 3372 intellectus
926 3307 1028 3373 solum
1045 3329 1166 3387 verum,
1190 3305 1275 3372 ideo·

111 3429 178 3496 que
208 3406 293 3493 quod
322 3405 467 3471 absolute
494 3407 616 3472 bonum
646 3409 796 3496 omnique
827 3423 971 3497 tempore
999 3409 1112 3496 vigens
1136 3417 1185 3474 est
1205 3433 1275 3497 per·

111 3507 216 3596 spicit.
262 3506 385 3586 Quodsi
413 3519 445 3571 et
468 3509 519 3572 hie
546 3522 577 3574 et
604 3511 724 3598 ubique
751 3512 791 3576 ad
821 3533 990 3598 personam
1014 3513 1173 3598 quandam
1196 3514 1274 3578 refe-

111 3611 252 3676 rendum
276 3610 377 3674 estid
402 3611 486 3696 quod
507 3608 546 3678 τὸ
561 3609 631 3677 τινί
653 3615 681 3677 ei
705 3613 791 3702 quod
814 3623 864 3678 est
886 3606 1003 3692 ἁπλῶς
1025 3616 1205 3703 oppositum
1230 3615 1274 3681 di-

112 3713 248 3796 citur⁴);
277 3712 362 3777 haud
390 3713 531 3799 paullum
555 3714 673 3802 aliquid
697 3717 791 3798 haec,
820 3738 904 3802 quae
926 3739 1165 3804 nonnumquam
1188 3720 1273 3808 apud

111 3817 272 3886 Nostrum
293 3815 448 3896 invenies,
467 3809 522 3881 ‘col
537 3817 597 3898 μὲν
612 3810 689 3904 ἡμῖν
705 3855 743 3864 -
760 3818 802 3885 τὰ
824 3819 863 3886 δὲ
878 3812 1005 3898 ἆπλῶς’
1031 3821 1155 3886 adrem
1171 3824 1274 3912 magis

111 3919 283 4006 magisque
320 3916 579 4006 conprobandum
612 3923 758 3986 conferre
793 3931 928 4009 possunt
960 3924 1017 4007 (of.
1040 3923 1114 3986 Eth.
1138 3925 1180 3990 N.
1206 3927 1275 4009 1‚2

190 4191 208 4255 ¹)
228 4189 266 4240 Cf.
279 4189 297 4240 l.
310 4189 328 4240 l.
341 4189 374 4253 V,
388 4187 422 4242 13
436 4203 456 4238 s.
470 4189 503 4252 l.;
523 4189 592 4254 vlu,
606 4189 624 4244 4
636 4191 686 4252 in.;
706 4208 727 4243 e.
742 4193 776 4247 13
789 4194 824 4243 in.
839 4200 902 4244 caet.

188 4278 208 4344 ¹>
228 4277 266 4328 or.
280 4279 294 4340 e
308 4276 350 4330 26.

189 4364 208 4430 ³)
229 4365 267 4416 Cf.
282 4367 340 4417 Eth.
354 4368 385 4418 N.
400 4367 448 4431 111,
462 4367 479 4420 6
492 4367 509 4418 Ι.
522 4367 539 4418 l.
559 4367 617 4418 coll.
632 4367 679 4433 IX,
692 4369 716 4422 9.
737 4369 831 4424 117οα
843 4371 861 4424 8
873 4386 929 4437 sqq.

188 4455 208 4519 ⁴)
228 4455 265 4509 Cf.
280 4456 311 4505 de
323 4473 364 4505 un.
377 4454 425 4519 ΙΙΙ,
439 4454 463 4508 7.
476 4454 549 4508 telo
564 4453 599 4506 12
612 4455 849 4525 r'l'rendelenburg,
863 4459 1044 4526 oomm.p.52l
1054 4478 1091 4528 sq.
1105 4463 1163 4516 coll.
1171 4462 1275 4529 p.533).·

1025 4547 1069 4612 4*
