3156 5246
573 403 782 468 ..55-

93 576 235 664 primum
262 597 304 640 ex
331 575 466 644 consilio
496 573 655 662 capiundo
690 575 899 662 ponderetur,
933 577 966 642 id
994 577 1079 665 quod
1113 577 1255 643 maxime

94 679 262 768 proprium
283 678 420 744 habetur
443 673 681 760 (cicatricosae)
705 687 738 743 et
752 678 914 765 peculiare
930 679 1055 745 virtutis
1079 677 1137 760 (ib.
1154 678 1218 761 ΙΙΙ,
1233 679 1254 744 4

94 785 180 865 in.).-
218 781 419 858 Consultatio
448 791 554 848 antem
582 781 623 846 ad
652 781 814 868 cogitandi
847 781 1031 848 facultatem
1061 784 1174 849 refert:
1211 807 1252 850 ex

95 883 291 972 cogitatione
319 884 416 966 enim,
446 885 536 972 quasi
562 884 595 949 in
619 884 826 972 cupiditatem
847 883 1002 966 inmersa,
1035 886 1177 952 nascitur
1200 911 1252 954 vo·

95 989 212 1054 luntas.
256 987 343 1060 Nam
371 986 515 1074 cogitare
537 997 634 1075 atquc
661 987 813 1074 adpetere
841 988 934 1052 simul
962 987 1044 1054 velle
1067 989 1187 1077 aliquid
1212 990 1253 1055 di·

94 1091 192 1156 citnr:
215 1088 261 1154 ita
282 1099 318 1154 ut
339 1090 474 1156 liberum
492 1090 660 1156 consilium
676 1088 760 1177 apud
777 1089 984 1155 Aristotelem
1006 1092 1084 1155 nihil
1105 1101 1152 1157 est
1168 1091 1254 1157 aliud

95 1216 191 1280 quam
214 1191 374 1280 adpetitus
397 1194 437 1259 ad
461 1193 726 1259 deliberationem
749 1191 1022 1256 accommodatus:
1046 1185 1154 1279 ὄρεξις
1176 1199 1254 1278 βου-

95 1289 228 1383 λευτική
253 1295 312 1378 (ib.
333 1297 397 1379 III,
417 1297 438 1360 5
458 1321 484 1361 s.
504 1297 542 1379 f.)
555 1296 591 1378 ¹).
637 1293 731 1374 Quae
758 1318 830 1360 cum
852 1295 897 1359 ita
920 1295 999 1376 sint,
1028 1295 1253 1362 vicissitudinis

95 1399 235 1487 quadam
258 1398 381 1464 ratione
405 1399 487 1464 velle
504 1407 536 1464 et
553 1421 650 1485 agere
672 1396 756 1462 inter
779 1420 813 1460 se
836 1398 1025 1463 cohaerent:
1050 1399 1254 1464 cuius'ratic-

94 1503 145 1568 nis
168 1523 265 1568 causa
287 1499 472 1587 principalis
503 1511 552 1567 est
581 1511 697 1567 natura
718 1499 859 1565 humana
883 1500 941 1582 (ib.
969 1500 1030 1584 111,
1055 1504 1099 1584 Ι).
1145 1502 1254 1589 Atque

95 1613 226 1691 propter
240 1603 395 1672 intumam
420 1606 504 1671 hanc
527 1626 610 1692 quae
632 1603 715 1668 iuter
738 1601 944 1688 cogitandum
969 1614 999 1667 et
1023 1603 1196 1669 volendum
1220 1614 1252 1668 et

96 1705 262 1791 agendum·
288 1707 459 1774 intercedit
492 1705 663 1787 rationem,
699 1726 805 1792 neque
839 1705 906 1770 sine
939 1703 1037 1770 animi
1072 1704 1253 1770 conditione

98 1809 154 1874 illa
175 1833 254 1897 quae
279 1833 368 1876 more
392 1833 429 1875 ac
452 1807 682 1876 consuetudine
706 1816 909 1895 conparatur,
933 1807 1061 1873 moralis
1084 1845 1120 1854 —
1150 1817 1186 1872 ut
1207 1808 1252 1872 ita

98 1911 198 1976 dicam
217 1952 253 1963 —
269 1913 412 1996 libertas,
436 1934 498 1978 nec
519 1912 575 1978 illa
597 1911 665 1976 sine
687 1911 749 1976 hac
773 1909 906 1996 cogitari
929 1918 1044 1996 potest.
1088 1910 1169 1975 Inde
1192 1911 1269 1975 hoc'

91 2015 232 2102 primum
256 2017 399 2080 continet
419 2015 521 2081 virtus
544 2013 689 2096 moralis,
715 2013 800 2101 quod
824 2011 864 2076 ad
887 2011 1079 2098 principium
1102 2013 1253 2079 movendi

92 2111 213 2203 (ἀρχὴν
233 2117 293 2203 τῆς
313 2110 488 2204 κινήσεως)
519 2118 606 2184 ducit
634 2128 666 2182 et
697 2115 738 2180 ad
762 2115 919 2200 originem
942 2114 1043 2178 omnis
1066 2116 1253 2197 honestatis,

90 2241 179 2308 quae
200 2227 310 2282 nostra
326 2229 441 2305 sponte
457 2219 600 2285 exoritur
610 2219 648 2303 ²).
668 2255 704 2266 -
718 2217 811 2284 Licet
826 2217 954 2305 quidem
971 2227 1104 2305 propter
1119 2227 1254 2282 naturae

90 2321 320 2387 necessitatem
346 2345 411 2386 non
439 2322 493 2387 uni
520 2323 649 2388 omnino
678 2344 736 2387 uos
768 2341 898 2386 causam
928 2320 1143 2385 sustineamus
1166 2319 1253 2385 habi·
1282 2358 1285 2365 ,

91 2436 184 2492 tuum
208 2421 349 2508 (ἕξεων),
375 2449 522 2513 quorum,
546 2434 580 2488 ut
604 2426 648 2488 ait
670 2424 800 2504 Noster,
818 2463 854 2472 ·-
875 2418 1042 2490 σοναίτιοί
1062 2445 1136 2500 πως
1159 2417 1256 2490 αὐτοὶ

95 2527 191 2610 ἐσμεν
215 2565 251 2574 -
276 2550 340 2602 nou
363 2536 428 2592 tam
452 2537 598 2594 auctores
621 2549 716 2616 quam
738 2525 900 2591 adiutores
922 2525 983 2613 ipsi
1005 2525 1122 2591 simus:
1145 2535 1253 2592 tamen

97 2632 344 2717 qualescumque
372 2630 487 2694 morati
514 2630 611 2694 simus
640 2629 737 2696 talem
767 2651 896 2717 quoque
925 2629 1020 2693 finem
1044 2629 1253 2718 proponimus

93 2735 189 2798 rebus
219 2732 370 2818 gerendis
403 2731 476 2811 (καὶ
500 2735 548 2819 uqi
576 2727 675 2799 ποιοί
702 2757 789 2811 τινες
819 2724 908 2798 εἶναι
931 2730 971 2798 τὸ
997 2729 1094 2809 τέλος
1120 2725 1254 2798 τοιόνδε

90 2833 280 2918 τιθέμεθα)
304 2835 361 2916 (ib.
375 2836 439 2916 ΙΙΙ,
456 2838 474 2901 Ι
492 2847 572 2901 extr.
591 2837 663 2902 coll.
682 2838 764 2904 1112
776 2857 797 2900 o
816 2839 847 2900 1:
869 2838 918 2924 uqi
932 2835 994 2924 γὰρ
1010 2838 1255 2922 προαιρεῖσθαι

91 2931 230 3024 τάγαθὰ
251 2931 273 3025 ἢ
294 2937 336 3005 τὰ
358 2935 443 3005 κατὰ
466 2936 564 3006 ποιοί
584 2939 673 3019 τινές
699 2939 823 3024 ἐσμεν).
853 2975 895 2986 -
923 2939 1073 3026 Denique
1095 2939 1252 3026 quoniam

91 3042 193 3106 virtus
216 3049 378 3128 tamquam
401 3065 551 3108 mensura
574 3045 660 3109 valet
682 3044 714 3108 in
736 3042 926 3108 educatione
941 3041 1063 3124 morali,
1087 3041 1161 3106 huic
1184 3041 1253 3107 siue
1324 3113 1326 3120 y

91 3142 189 3208 dubio
212 3142 280 3230 pari
296 3164 367 3208 esse
383 3168 420 3210 ac
434 3145 538 3232 primo
555 3156 714 3212 momento
741 3142 871 3208 debebit
889 3143 931 3225 id,
955 3145 1039 3210 unde
1061 3153 1092 3209 et
1112 3144 1165 3208 illa
1186 3140 1254 3221 ἕξις

90 3239 325 3333 προαιρετική,
355 3248 385 3311 h.
407 3269 433 3311 e.
458 3249 584 3337 habitus
615 3249 655 3316 ad
679 3248 846 3314 consilinm
876 3244 1068 3331 capiundum
1099 3243 1253 3309 delibera·

90 3350 276 3438 tionemque
299 3360 458 3437 spectans,
482 3352 665 3420 nominatur
674 3353 713 3434 ³).

177 3554 229 3619 30.
263 3554 390 3622 Deinde
418 3564 525 3620 autem
555 3566 645 3623 recte
678 3557 877 3641 honesteque
910 3550 1040 3644 vivendi
1070 3557 1102 3614 et
1133 3550 1251 3635 agendi

47 3648 52 3664 ’
92 3681 286 3740 mensuram,
310 3667 464 3745 quantum
490 3659 559 3722 fieri
586 3659 736 3746 possit⁴),
767 3658 896 3745 plenam
920 3677 989 3720 esse
1012 3661 1153 3741 oportet,
1188 3675 1251 3718 non

92 3761 257 3830 exundare
278 3783 338 3826 uec
359 3783 473 3846 parurn
496 3761 672 3827 continere.
715 3757 779 3826 Est
798 3762 859 3824 hoc
882 3757 1010 3846 quidem
1032 3757 1168 3821 alterum
1191 3755 1251 3820 vir·

89 3865 166 3932 tutis
189 3861 309 3930 notioni
334 3861 520 3930 attributum
547 3863 639 3940 (Eth.
655 3863 696 3928 N.
712 3862 758 3943 ΙΙ,
774 3860 795 3926 5
811 3872 842 3926 et
857 3863 903 3943 6).
948 3859 1033 3924 Nam
1059 3857 1249 3925 Aristoteles

90 3968 164 4052 (ll.
188 3967 293 4032 1106e
308 3967 382 4049 27):
412 3963 666 4034 mediocritatem
690 3965 852 4053 quandam
875 3983 945 4029 case
968 3962 1135 4042 virtutem,
1167 3983 1249 4048 quae

90 4139 293 4152 -u——u—

165 4233 184 4300 ¹)
204 4233 242 4286 cf.
257 4236 269 4296 ἓ
283 4232 318 4288 24
335 4233 394 4284 οοΙΙ.
408 4233 484 4284 Rhct.
497 4232 518 4296 Ι,
532 4231 573 4287 10.
592 4231 682 4287 1368ο
696 4231 730 4286 37
743 4247 814 4298 ταας
833 4231 865 4284 de
877 4249 917 4284 an.
931 4233 979 4298 111,
994 4231 1035 4286 11.

164 4323 184 4387 ²)
203 4323 244 4374 De
255 4327 328 4373 motu
340 4337 381 4374 sn.
394 4337 417 4372 c.
430 4321 454 4374 6.
766 4333 770 4347 ·

164 4409 184 4477 ³)
204 4409 241 4462 Cl.
257 4413 269 4472 §
282 4410 317 4464 26
335 4409 405 4473 (coll.
417 4409 474 4461 Pol.
487 4410 506 4461 l.
519 4409 537 4460 l.
552 4407 642 4461 1332a
655 4408 690 4462 30
702 4409 759 4475 eq).

161 4499 183 4568 Ι)
200 4498 261 4556 aab.
272 4498 304 4554 N.
316 4499 352 4562 ΙΙ,
364 4497 382 4556 5
393 4503 474 4565 τηις
487 4499 511 4556 9·
526 4494 616 4556 noae
629 4494 663 4554 12
676 4511 732 4568 sqq.
