3156 5246
609 398 820 464 ,ῃ-

135 573 183 638 nil
218 566 331 654 vsies',
359 571 483 658 inquit,¹
500 565 562 636 ‘ibi
589 571 634 636 nil
663 562 769 649 velis’,
796 568 829 632 in
856 593 920 656 quc
953 593 1018 636 uno
1048 571 1171 636 monito
1197 571 1294 638 totius

134 675 272 742 Enicas
297 673 378 738 serti
401 672 479 740 dicit
506 672 668 738 cardinem
680 672 714 753 ¹).
744 707 781 717 —
813 675 857 735 At
887 671 973 738 velot
998 673 1107 755 homo,
1134 683 1171 740 ut
1199 674 1293 738 docet

134 777 336 856 Aristotcles,
360 787 391 840 et
405 775 446 840 sd
461 775 544 842 bene
567 768 726 859 agendum
751 771 839 840 etad
861 784 947 840 reete
970 774 1236 859 intellegendum:
1260 783 1293 840 et

134 889 290 966 quantum
315 879 451 965 quisque
473 900 531 964 pro
554 899 611 942 sua
634 888 725 962 purte
747 875 867 951 vulcat,
896 885 1020 942 tuntum
1043 878 1125 942 velle
1149 875 1293 941 debebit:

133 982 256 1050 volenti
285 982 422 1067 denique
452 978 598 1046 educatio
628 977 813 1064 suppeditet
837 1000 968 1044 necesse
996 989 1045 1044 est
1071 989 1103 1044 et
1126 979 1294 1060 institutio,

134 1105 200 1170 qua
223 1083 317 1149 etiem
343 1096 438 1170 atque
461 1082 558 1146 etiam
581 1080 622 1146 ad
644 1080 873 1166 perfectionem
896 1082 1028 1168 propius
1051 1081 1229 1164 accedav).
1253 1116 1290 1131 -—

134 1186 233 1264 Quod
261 1208 338 1251 vero
368 1207 431 1271 qus
452 1183 580 1248 ratione
609 1181 796 1250 faciundum
824 1183 866 1246 sit
890 1184 1086 1264 ¹Aristotelis
1114 1207 1154 1249 ex
1186 1185 1294 1250 animo

134 1313 224 1356 nunc
244 1288 414 1358 dicendum
439 1297 497 1353 est.

222 1497 274 1562 38.
311 1495 557 1583 Metsphysicis,
586 1493 667 1558 libro
692 1505 783 1560 sexto
810 1495 856 1578 (4.
884 1494 991 1560 locut
1007 1496 1129 1578 3-12)
1161 1495 1202 1558 de
1223 1495 1294 1559 sub·

138 1600 258 1664 stantia
280 1592 413 1682 (οὐσία)
437 1599 551 1683 egitur,
576 1618 639 1682 quc
663 1595 792 1682 quidem
814 1596 937 1661 ratione
958 1596 998 1663 cri
1018 1593 1053 1664 τί
1072 1590 1113 1686 ἢν
1134 1589 1223 1668 εἶναι
1244 1598 1294 1679 sit,

140 1739 181 1750 --
196 1695 246 1766 fid
267 1703 355 1788 quod
377 1713 446 1768 eret
469 1692 551 1766 esse'
578 1735 614 1750 --
640 1697 680 1762 ed
703 1722 802 1784 quarn
825 1723 891 1764 rem
917 1698 1179 1765 considerandam
1203 1697 1296 1786 prod·

142 1825 212 1868 esse
240 1802 355 1869 dicitur
384 1801 467 1888 (πρὸ
489 1801 617 1889 ἔργον),
646 1799 740 1864 adid
766 1803 851 1887 quod
874 1802 979 1868 notius
1002 1803 1043 1868 sit
1065 1797 1129 1884 (εἰς
1148 1799 1189 1867 τὸ
1208 1823 1293 1885 ysso-

138 1899 336 1990 ριμώτερον)
359 1907 536 1992 procedere
545 1907 582 1986 ³).
605 1941 646 1954 -
668 1903 720 1968 Itc
743 1905 838 1985 enim,
859 1903 965 1991 inquit
981 1905 1182 1986 Aristoteles,
1204 1902 1296 1968 disci·

135 2007 226 2092 ptine
240 2009 276 2072 fit
297 2007 442 2074 omnibus
465 2003 501 2097 (ἡ
524 2007 586 2094 γὰρ
604 2001 757 2092 μάθησις
777 2001 865 2072 οὕτω
887 2003 1014 2092 γίνεται
1032 2008 1136 2088 πᾶσι)
1158 2043 1200 2054 -
1222 2028 1295 2092 pro-

134 2110 284 2173 cedendo
314 2145 351 2157 -
381 2135 438 2196 per
465 2111 570 2176 minus
598 2119 674 2174 nota
703 2119 817 2172 natura
847 2105 982 2196 (φύσει)
1010 2109 1051 2173 ud
1080 2108 1181 2192 magis
1203 2118 1294 2192 notor

135 2219 174 2273 ct
195 2210 228 2274 in
251 2211 312 2274 hoo
334 2212 462 2298 quidem
485 2235 565 2300 opus
588 2209 732 2276 consistit
755 2208 945 2292 (καὶτοῦτο
969 2211 1064 2297 ἔργον
1086 2207 1200 2291 ἐστίν),
1224 2219 1296 2276 utut

133 2311 172 2374 in
196 2309 374 2378 actionibus
397 2337 437 2380 ex
460 2315 505 2379 eis
529 2336 611 2401 quae
635 2312 749 2397 cuique
777 2322 851 2377 sunt
878 2313 963 2378 bona
990 2309 1149 2400 (ἑκάστῳ)
1177 2313 1295 2376 faciun-

136 2415 303 2494 dum-est,
332 2437 373 2480 os
393 2439 476 2502 quae
498 2417 647 2480 universe
670 2409 787 2496 (ὅλως)
815 2425 889 2478 sunt
916 2415 1001 2480 bonu
1022 2427 1058 2480 ut
1086 2417 1149 2480 sint
1181 2415 1296 2501 cuique

135 2517 239 2580 bone:
265 2516 312 2584 itu
334 2541 374 2584 cx
396 2517 492 2582 rebus
519 2518 579 2581 sibi
604 2517 665 2604 ipsi
688 2509 808 2602 (αὐτῷ)
832 2517 1025 2600 notioribus,
1054 2542 1091 2582 cc
1118 2528 1299 2605 quaesunt

136 2630 253 2709 nutura
274 2633 351 2684 notu
378 2619 438 2686 sibi
465 2620 526 2705 ipsi
553 2629 589 2684 ut
610 2621 673 2700 sint
694 2629 779 2682 nota.
803 2653 843 2666 -—
867 2618 951 2684 Sunt
975 2643 1050 2685 verc
1073 2622 1208 2706 singulis
1228 2619 1297 2706 qui·

135 2722 265 2808 busque
287 2730 365 2786 note
387 2743 424 2785 ae
447 2721 549 2806 prima
579 2722 712 2805 (πρῶτα
736 2744 780 2784 sc.
802 2714 895 2806 ἡμῖν)
924 2743 1154 2809 saepenumero
1183 2743 1297 2810 perum

135 2835 216 2888 nota
241 2833 274 2888 et
300 2824 441 2909 paullum
472 2823 592 2910 aliquid
608 2818 769 2908 (μικρόν)
802 2824 853 2888 vel
880 2824 1012 2888 nihilum
1042 2824 1109 2890 eius
1143 2825 1228 2912 quod
1260 2845 1296 2888 re

135 2949 218 2990 vera
239 2949 311 2990 esse
332 2925 448 2990 dieitur
470 2925 547 3008 (τοῦ
569 2917 680 3007 ὄντος)
706 2925 912 2990 continentie.
956 2928 999 2992 At
1020 2927 1224 2992 nihilominus
1247 2947 1297 2991 co·

135 3029 279 3094 nandum
304 3038 366 3110 est,
397 3049 439 3094 ex
462 3029 507 3092 eis
532 3051 615 3116 quse
637 3028 721 3092 male
748 3028 878 3114 quidem
903 3026 1073 3118 (φαύλως)
1101 3049 1297 3115 cognoscun-

134 3145 211 3212 tur,
243 3155 262 3195 u
289 3155 323 3196 se
351 3129 421 3214 ipso
448 3140 554 3194 tamen
589 3142 839 3215 cognoscuntur,
874 3155 914 3196 es
945 3156 1028 3219 quse
1049 3133 1199 3197 universe
1221 3139 1296 3194 sunt

133 3231 366 3320 cognoscenda
391 3230 448 3313 (τά
475 3227 561 3309 ὅλως
588 3227 733 3312 retrorsi)
764 3255 975 3318 cognoscere,
1008 3231 1227 3320 procedendo,
1261 3237 1299 3294 ut

134 3335 261 3402 dictum
284 3345 345 3416 est,
373 3357 431 3420 per
453 3335 508 3399 ille
529 3335 600 3421 ipsa
622 3336 696 3417 (διὰ
718 3329 843 3400 τούτων
866 3329 1001 3414 αὐτῶν).
1027 3369 1063 3380 -
1089 3333 1144 3398 Sic
1166 3333 1317 3397 Noctes·

134 3439 193 3505 Ex
225 3438 372 3502 omnibus
400 3447 507 3502 sutem
537 3437 643 3502 adhuc
672 3437 839 3524 disputatis
871 3435 956 3502 haud
983 3435 1113 3500 difficile
1141 3434 1204 3500 crit
1233 3434 1295 3500 ioci
1381 3443 1384 3452 “

132 3539 332 3608 sententium
354 3538 552 3623 intellegere.
597 3539 791 3608 Adhibenda
813 3539 936 3604 ratione
959 3560 1041 3623 quse
1058 3539 1192 3604 interest
1213 3536 1297 3602 incer

134 3641 218 3708 illud
236 3639 322 3728 quod
338 3649 387 3704 est
402 3650 515 3704 nutura
530 3643 667 3727 primum
692 3636 811 3728 (φύσει
832 3640 979 3725 πρῶτον)
1003 3649 1035 3704 et
1051 3639 1188 3726 primurn
1204 3659 1297 3724 genc-

133 3745 263 3813 rstione
290 3744 440 3828 (πρῶτον
465 3742 607 3826 γενέσει,
634 3743 721 3830 πρὸς
742 3738 845 3831 ἡμᾶς)
877 3741 1062 3828 disciplinae
1090 3741 1183 3810 simul
1205 3741 1296 3808 ratio

131 3869 214 3916 neus
231 3846 385 3914 ubemus
401 3855 436 3910 et
448 3847 542 3928 niem,
564 3871 649 3934 quae
663 3846 749 3914 omni
768 3845 958 3914 institutioni
973 3845 1187 3932 ingrediundo
1206 3843 1296 3932 sir).

136 3948 270 4037 Quippe
291 3971 365 4016 cum
387 3946 523 4034 primum
539 3949 572 4016 id
592 3949 679 4036 quod
696 3948 754 4016 suh
770 3947 984 4016 sensuscsdit
999 3947 1040 4014 eb
1055 3947 1144 4014 cinni
1157 3949 1297 4018 humans

216 4216 235 4282 ¹)
256 4217 380 4277 Geulinx,
400 4215 460 4265 Eth.
474 4221 546 4266 tract.
561 4217 582 4278 I,
602 4217 704 4268 admon.
718 4217 759 4270 ⁶28.

216 4305 236 4366 ²)
257 4305 294 4355 Cf.
308 4304 340 4366 ἓξ
352 4303 387 4356 26
400 4320 454 4370 cq.;
467 4303 510 4356 33.

216 4389 235 4457 ³)
255 4391 292 4442 Gt
305 4391 529 4458 Trendolcnburg‚
548 4405 640 4442 comm.
654 4391 686 4442 sd
698 4392 742 4444 Ar.
757 4392 788 4442 de
801 4408 843 4444 sn.
857 4391 890 4455 11,
904 4392 921 4446 2
938 4408 962 4458 p·
976 4392 1028 4450 337
1041 4409 1098 4460 sqq.

218 4479 239 4544 ⁴)
260 4478 298 4532 Cf.
311 4480 326 4541 5
339 4477 381 4530 29.
