3156 5246
505 387 927 493 'arem‘

130 597 296 691 tyymdro
320 601 358 670 δὲ
379 595 460 669 καθ’
484 597 622 669 ἕκαστα·
650 598 707 666 καὶ
734 593 915 666 ἀντίκειται
935 593 1025 666 ταῦτ’
1049 591 1220 684 ἀλλήλοις.
1246 629 1288 646 -

131 707 249 793 Itaque
262 704 486 772 remotissima
502 715 577 769 suut
592 702 794 780 universalia,
818 701 965 788 proxima
979 712 1087 766 autem
1101 701 1287 788 singularia,

131 829 216 896 quae
238 809 321 875 inter
344 830 378 873 se
400 815 615 895 opponuntur.
659 805 729 870 lam
757 806 842 869 intra
868 804 948 869 haec
973 805 1058 871 inter
1079 825 1115 868 se
1141 803 1290 890 opposita

130 910 301 997 disciplina
328 911 430 974 omnis
452 919 608 974 versatur.
651 907 812 988 Profecto,
835 905 951 990 puerili
973 906 1078 972 animo
1104 941 1141 952 -
1164 915 1200 970 ut
1227 905 1289 970 hoc

130 1013 270 1100 primum
299 1033 460 1099 exponam
489 1045 525 1058 -
558 1033 596 1075 ea
618 1009 758 1076 maxime
783 1007 992 1093 respondebit
1014 1006 1159 1072 discendi
1181 1006 1234 1071 via
1256 1017 1289 1070 ot

130 1115 213 1181 ratio
237 1114 462 1202 cognoscendi,
487 1135 571 1202 quae
588 1112 787 1201 experientia
804 1111 885 1176 duce
908 1110 1124 1192 (inductione)
1147 1110 1192 1192 fit,
1216 1109 1291 1176 inde

132 1203 237 1284 abeo
260 1217 346 1304 quod
369 1217 428 1281 sub
452 1217 551 1282 oculis
581 1216 703 1280 versari
732 1226 764 1280 et
791 1214 883 1278 nobis
911 1215 999 1300 prius
1022 1213 1138 1278 dicitur
1160 1233 1198 1276 ac
1220 1235 1291 1299 pro·

132 1323 205 1409 pius
218 1341 299 1384 esse.
312 1353 354 1366 ν-
365 1317 553 1406 Repetimus
571 1318 683 1402 (Rhet.
698 1319 760 1397 Ill,
777 1318 831 1383 10.Ι
847 1317 952 1382 14106
968 1317 1036 1398 10):
1056 1315 1151 1380 facilc
1166 1313 1291 1378 discere

133 1423 288 1490 omnibus
306 1432 422 1487 natura
442 1421 615 1486 iucundum
641 1431 699 1485 est.
733 1419 777 1486 Et
791 1432 1015 1506 praeceptores
1039 1429 1071 1482 et
1090 1417 1291 1496 educatores,

133 1526 250 1612 quibus
262 1524 295 1590 id
306 1545 405 1610 agero
419 1546 498 1610 opus
511 1535 568 1604 est,
581 1533 616 1588 ut
631 1543 749 1610 pueros
768 1521 1006 1609 discipulosque
1022 1555 1064 1568 *-
1075 1514 1111 1586 ἐκ
1123 1519 1191 1584 τῶν
1203 1512 1291 1606 φαύ-

136 1627 203 1704 λως
221 1625 281 1710 μὲν
303 1629 464 1713 γνωστῶν,
488 1619 604 1703 αὐτοῖς
625 1624 664 1693 δὲ
678 1625 841 1710 γνωστῶν,
862 1621 904 1690 aci
920 1619 1007 1702 ὅλως
1020 1622 1150 1710 γνωστὰ
1167 1616 1291 1710 yroirct

139 1763 178 1776 --
193 1728 342 1810 eruditos,
365 1730 497 1816 propria
519 1730 611 1795 verbi
632 1727 801 1809 sententia,
825 1725 975 1808 efficiant,
999 1727 1095 1792 etiam
1117 1727 1151 1792 in
1173 1725 1237 1791 hac
1257 1745 1294 1792 re

142 1829 269 1896 medicis
291 1855 356 1897 non
380 1832 549 1900 dissimiles
565 1841 649 1912 sunt,
673 1831 727 1917 qui
750 1851 844 1893 sanos
861 1830 984 1894 iaciunt
998 1829 1141 1894 homines
1158 1849 1199 1893 ex
1214 1849 1292 1892 sano

139 1930 243 2019 aliquo
274 1935 360 2020 quod
394 1934 580 2022 corporibus
608 1933 672 1998 iam
701 1932 795 1998 inest.
842 1930 990 2009 Quorum
1016 1955 1081 1997 non
1107 1941 1174 1996 tam
1200 1930 1295 1996 inter·

136 2055 208 2098 esse
230 2036 362 2103 debebit
382 2047 419 2104 ut
440 2037 541 2102 multu
569 2037 645 2100 dent
673 2056 768 2121 quam
796 2034 930 2098 multum
952 2035 1027 2100 boni
1052 2045 1084 2098 et
1104 2034 1186 2098 recti
1208 2031 1295 2121 quod

135 2135 271 2220 prodeat
296 2161 371 2220 nec,
401 2149 436 2204 ut
457 2137 568 2204 Nostri
597 2137 704 2200 verbis
725 2145 810 2215 utar,
837 2134 955 2221 μικρὸν
977 2130 999 2223 ἢ
1021 2130 1126 2203 οὐθὲν
1147 2131 1296 2217 ἔχειτοῦ

135 2229 278 2321 ducor).
296 2275 332 2286 -·-
350 2241 465 2306 Nonne
481 2252 530 2306 est
543 2243 611 2305 t'ere
625 2239 711 2304 idem
727 2237 813 2325 quod
828 2250 978 2326 optumus
992 2240 1046 2304 ille
1067 2249 1198 2304 nostrae
1213 2247 1297 2302 aeta

133 2339 180 2404 tis
214 2355 406 2427 praeceptor
437 2342 529 2406 nobis
563 2363 750 2428 persuasum
784 2363 856 2405 essa
888 2341 1005 2407 voluit:
1033 2335 1122 2406 ‘dass
1150 2340 1202 2404 die
1231 2343 1296 2404 An·

133 2441 307 2530 schanung
330 2442 387 2507 das
413 2444 557 2509 absolute
581 2445 607 2508 F
610 2443 786 2510 undament
812 2443 892 2508 aller
913 2442 1129 2510 Erkenntuiss
1151 2443 1212 2525 sei,
1239 2443 1297 2508 mit

134 2543 280 2610 anderen
304 2544 458 2627 Worten,
484 2546 557 2612 dass
574 2545 651 2630 jede
673 2544 887 2610 Erkenntniss
908 2569 972 2611 von
995 2545 1052 2611 der
1075 2547 1297 2632 Anachauung

136 2647 305 2732 auegebeu
327 2647 394 2712 und
420 2649 479 2712 auf
502 2650 548 2712 sie
573 2659 681 2714 mitssa
709 2649 965 2733 aurttckgefttbrt
994 2649 1124 2714 werden
1151 2642 1295 2714 konnen'

136 2749 345 2832 (Pestalozni,
361 2749 438 2814 Wie
454 2749 606 2831 Gertrud‚
622 2776 655 2836 p.
671 2750 759 2830 282).
776 2787 819 2798 -·
837 2755 883 2815 At
897 2751 1007 2817 licebit
1021 2752 1084 2816 iem
1100 2751 1298 2816 nuncetiam

137 2849 204 2914 alia
224 2852 404 2918 Aristotelis
427 2853 583 2934 conferre,
608 2873 649 2917 ex
666 2852 781 2940 quibus
798 2853 874 2941 quid
890 2853 1017 2939 singula
1038 2855 1168 2918 valeant
1183 2853 1298 2920 clarius

135 2955 276 3020 fortasse
297 2954 445 3020 elucebit.
472 2989 508 3002 ·—-
533 2954 600 3018 Res
622 2954 752 3019 omnino
775 2955 871 3042 plana
893 2965 951 3037 est,
975 2965 1008 3020 et
1029 2957 1166 3044 planior,
1192 2979 1296 3043 spero,

137 3057 237 3122 etiam
279 3069 449 3146 utramque
484 3057 541 3123 fiet
576 3058 609 3120 in
644 3067 769 3143 partem
808 3079 904 3144 quam
940 3058 1059 3124 Noster
1095 3058 1297 3144 significavit.

137 3160 293 3247 Namque
316 3159 356 3224 de
378 3161 462 3226 bono
486 3153 636 3245 (ἀγαθά)
664 3159 776 3242 etium,
807 3182 867 3222 nec
890 3160 992 3225 solum
1017 3161 1058 3225 de
1082 3184 1159 3226 vero
1181 3161 1297 3244 agitur.

138 3261 274 3347 Cogites
290 3263 457 3328 Socratem
473 3262 711 3349 Xenophontis,
727 3273 890 3349 tamquam
907 3262 1099 3347 exemplum.
1133 3261 1298 3326 Laudatur

136 3363 220 3430 Etb.
245 3363 320 3428 Nic.
353 3365 401 3446 (l,
424 3367 460 3445 2)
488 3365 633 3430 Platonis
662 3364 758 3429 illud:
793 3359 862 3432 ἀπὸ
890 3367 957 3428 τῶν
987 3357 1094 3447 ἀρχῶν
1115 3356 1137 3449 ἢ
1158 3361 1217 3429 ἐπὶ
1237 3360 1297 3441 τὰς

137 3460 254 3550 ἀρχάς,
277 3466 475 3554 aprincipiis
499 3468 538 3530 ad
558 3466 758 3554 principiam,
781 3478 817 3530 ut
831 3466 926 3552 logici
941 3467 1124 3552 loquuntur,
1147 3489 1187 3530 an
1203 3475 1299 3548 retro,

136 3579 249 3636 utrum
269 3568 320 3633 via
336 3566 488 3632 faciunda
502 3569 553 3633 sit.
587 3571 683 3652 Tum,
705 3569 889 3636 exeundum
904 3590 975 3634 esse
991 3568 1031 3630 ab
1046 3566 1085 3632 iis
1102 3569 1199 3634 rebus
1216 3589 1299 3656 quae

136 3679 238 3736 notae
261 3671 324 3735 sint
347 3662 499 3754 (ἀρκτέον
521 3717 555 3736 ..
578 3665 646 3738 ἀπὸ
668 3673 734 3738 τῶν
756 3666 952 3758 γνωρίμων),
975 3674 1056 3738 haec
1077 3693 1154 3738 vero
1176 3671 1299 3738 duobus

139 3771 208 3837 dici
221 3770 324 3836 modis
346 3770 509 3856 (diurno)
530 3771 572 3839 τὰ
594 3771 739 3859 μὲνγὰρ
761 3768 847 3861 ἡμῖν,
869 3771 911 3842 τὰ
934 3773 972 3841 δὲ
993 3769 1122 3854 ἁπλῶς.
1155 3775 1300 3862 Respon-

140 3876 200 3942 det
221 3875 307 3964 quod
329 3876 380 3941 hic
403 3871 530 3955 ἁπλῶς,
553 3876 583 3940 ei
598 3876 684 3963 quod
701 3900 799 3962 supra
820 3877 916 3961 (Met.
931 3878 991 3958 VI,
1006 3879 1043 3959 4)
1068 3873 1153 3954 ὅλως
1173 3875 1298 3944 dicitur.

141 3979 237 4047 Idem
259 3979 353 4044 huius
375 3977 462 4042 modi
483 3977 579 4043 etiam
602 3977 672 4043 aliis
694 3979 772 4044 locis
795 3991 828 4044 et
849 4001 1005 4067 persaepe
1026 3979 1203 4063 invenitur,
1227 4002 1302 4067 que

140 4105 216 4149 rum
240 4102 282 4146 ex
303 4101 435 4147 numero
459 4103 531 4146 cunr
554 4080 611 4144 illa
632 4102 674 4146 ex
696 4081 792 4146 Anal.
808 4092 927 4168 poster.
951 4105 1049 4170 supra
1068 4081 1208 4166 laudata,
1232 4092 1298 4148 tum

142 4183 363 4251 definitionem
385 4181 453 4248 eius
476 4181 552 4271 quid
568 4181 609 4248 sit
623 4182 807 4262 σπουδαῖος
829 4207 1080 4252 commemorare
1102 4185 1243 4266 velim²).
1261 4221 1296 4232 -

221 4425 239 4488 ¹)
258 4425 295 4476 Gt
308 4423 387 4490 liant,
401 4429 453 4478 Zur
466 4426 618 4494 Anthropol·
632 4427 703 4480 Vlll.
717 4427 757 4478 ad.
770 4425 895 4479 &socka
909 4428 968 4492 VlI,
981 4429 1005 4482 2.
1024 4443 1049 4496 p.
1064 4429 1122 4483 112.

221 4513 241 4579 ²)
262 4513 299 4564 Cf.
314 4515 326 4575 t
340 4511 382 4566 ut.
