3154 5252
590 451 795 518 ..41..

199 624 248 689 22.
270 623 447 712 Postquam
472 625 534 689 hoc
556 624 653 691 modo
676 646 716 689 ex
733 624 855 690 intuma
870 624 1007 690 hominis
1028 634 1144 690 natura
1160 647 1275 712 cogno·

111 750 202 794 scere
229 726 335 793 conati
362 749 486 810 sumus,
515 726 592 815 quid
615 727 700 815 apud
722 726 932 793 Aristotelem
956 726 1152 793 educationis
1175 752 1275 794 mora-

111 828 151 894 lis
175 829 215 896 sit
237 829 444 918 principium,
473 830 521 894 rei
549 829 638 912 inde,
665 827 846 915 gravissimi
875 829 1026 917 ponderis
1045 814 1093 895 ¹ac
1121 830 1275 896 momenti

116 931 237 1021 (ῥοπὴν
260 931 367 1016 ἔχοντι
389 931 447 998 καὶ
470 927 621 1015 δύναμιν)
645 933 841 998 occurrimus
869 931 962 1016 (Eth.
984 933 1026 998 N.
1043 932 1087 1012 X,
1111 935 1126 997 1
1150 933 1220 1015 in),
1242 932 1274 998 in

115 1059 180 1124 qua
202 1060 266 1102 una
289 1037 383 1101 simul
407 1059 504 1123 agere
528 1045 558 1100 et
573 1034 632 1100 sibi
649 1034 811 1100 conscium
828 1058 897 1101 esse
914 1035 1085 1100 convenire
1110 1033 1274 1118 debent¹>.
1341 1035 1344 1042 '

112 1138 299 1227 Voluptatis
323 1162 435 1203 sensus
459 1131 594 1224 (ἡδονή)
621 1137 684 1202 vim
708 1137 847 1226 aliquam
876 1138 1084 1203 exercitatam
1108 1133 1208 1220 (ἕξιν)
1231 1139 1276 1203 in-

113 1243 209 1320 dicat,
235 1241 320 1307 unde
335 1240 404 1305 fieri
421 1240 535 1306 dicitur
555 1241 671 1307 virium
689 1240 934 1306 exercitatorum
958 1241 1040 1324 (τῶν
1055 1236 1179 1321 ἕξεων),
1204 1264 1273 1328 per-

112 1343 263 1411 fectionis
301 1343 402 1429 magis
433 1344 599 1432 magisque
633 1343 834 1429 augescentis
871 1344 1022 1409 indicium
1056 1342 1275 1428 (oqpsior)¹):

115 1448 211 1530 (Eth.
234 1445 276 1512 N.
299 1445 345 1526 II,
365 1446 395 1508 2.
426 1447 530 1511 1104t
553 1449 573 1511 3
595 1471 657 1535 sq.:
692 1449 826 1535 σημεῖον
858 1446 896 1514 dd
923 1449 976 1515 δεῖ
1001 1448 1184 1512 ποιεῖσθαι
1210 1449 1275 1512 τῶν

116 1547 220 1629 ἕξεων
240 1547 300 1635 τήν
321 1546 556 1637 ἕπιγενομένην
577 1542 703 1636 ἡδονήν
723 1544 745 1638 ἢ
767 1545 876 1637 λύπην
897 1553 968 1629 τοῖς
989 1544 1122 1636 ἔργοις).
1167 1550 1274 1615 Homo

117 1664 268 1746 strenuus
291 1652 522 1736 (σπουδαῖος),
558 1651 711 1739 idemque
738 1654 840 1718 bonus
871 1677 908 1719 ac
935 1654 1071 1742 probus,
1100 1652 1220 1718 bonurn
1245 1661 1276 1717 et

118 1754 262 1842 pulcrum
287 1755 371 1841 quod
395 1765 526 1822 exercet
552 1751 608 1838 (τὰ
631 1750 733 1838 καλά)
756 1756 880 1822 lubenti
903 1758 1010 1822 animo
1033 1749 1212 1844 (ἡδόμενος
1236 1795 1272 1802 -

119 1867 155 1922 ut
177 1857 250 1921 alibi
273 1857 403 1940 dicitur)
428 1859 525 1924 debet
548 1881 699 1924 exercere
723 1860 780 1942 (cf.
797 1860 841 1924 M.
858 1861 940 1926 Mor.
956 1861 1001 1943 ll,
1026 1862 1055 1924 7.
1083 1861 1192 1924 leues
1208 1861 1274 1941 10).

113 1959 237 2025 Sensus
259 1970 366 2026 autern
392 1961 567 2044 (Gefithle)
590 1961 675 2048 quod
701 1963 830 2041 attinet,
862 1961 902 2027 ad
926 1987 1006 2051 quos
1030 1972 1062 2028 et
1084 1963 1111 2026 is
1133 1962 1276 2050 volupta-

112 2063 154 2127 tis
179 2064 228 2128 vel
252 2063 371 2129 doloris
393 2065 583 2129 referendus
607 2075 670 2147 est,
695 2065 855 2131 artissimo
879 2066 1006 2130 vinculo
1030 2089 1102 2131 cum
1126 2087 1276 2128 sensuum

110 2159 341 2252 (αἰσθήσεων)
368 2167 421 2231 vel
443 2168 612 2233 sensilibus
639 2169 900 2256 perceptionibus
924 2169 1110 2250 cohaerent,
1140 2191 1275 2256 quarum

108 2273 145 2335 in
174 2271 403 2358 consequentia
432 2270 617 2358 ponendum
649 2274 768 2337 erit-
800 2261 842 2360 (ᾧ
869 2271 906 2338 δὲ
933 2267 1095 2358 αἴσθησις
1119 2266 1274 2357 ὑπάρχεὶ,

110 2367 223 2460 τούτῳ
249 2367 355 2461 ἡδονή
376 2397 412 2439 τε
435 2373 491 2441 καὶ
520 2369 624 2462 λύπη)
655 2414 691 2423 -
721 2377 806 2440 unde
833 2374 1013 2442 necessario
1043 2373 1096 2458 (ἐξ
1117 2368 1275 2461 ἀνάγκης)

115 2475 266 2562 cupiendi
281 2476 420 2564 impetus
437 2477 581 2543 exoritur
604 2478 660 2561 (de
676 2501 726 2543 an.
744 2479 789 2560 II,
806 2480 836 2542 3.
860 2479 946 2544 414o
966 2478 1114 2560 1-e)³.):
1138 2488 1275 2565 utraque

119 2579 214 2660 enirn,
248 2590 281 2644 et
302 2603 454 2647 sensuum
477 2582 639 2669 perceptio
664 2592 695 2646 et
718 2580 874 2668 cupiditas
902 2575 1101 2663 (ἐπιθυμία,
1130 2580 1192 2646 aori
1214 2574 1275 2667 γὰρ

120 2673 256 2766 ὄρεξις),
286 2684 388 2748 altera
416 2705 457 2748 ex
480 2685 596 2766 altera,
626 2684 774 2749 videntur
804 2685 959 2771 pendere,
989 2684 1063 2749 dum
1089 2681 1275 2769 imaginatio

115 2781 318 2874 (φαντασία)
351 2795 518 2875 tamquam
551 2786 657 2852 media
678 2785 849 2852 intercedit
883 2787 940 2869 (ib.
963 2787 1055 2852 413o
1077 2787 1118 2852 23
1140 2787 1228 2873 sqq.)
1248 2786 1275 2867 ).

115 2887 184 2955 Sed
206 2891 286 2954 haec
309 2890 438 2977 quidem
461 2890 625 2955 haetenus.
661 2889 842 2954 Aristotelis
866 2900 972 2956 autem
995 2899 1149 2978 quantum
1173 2889 1275 2975 magis

115 2992 179 3057 huo
202 2995 362 3079 pertineat
383 2993 423 3057 de
447 2994 612 3081 voluptate
636 2992 781 3058 doctrina
808 2995 917 3081 paucis
949 2996 1011 3060 hoc
1041 2995 1112 3058 loeo
1136 2990 1277 3058 conside·

114 3094 217 3160 randa
247 3107 295 3160 est
323 3094 413 3178 (Eth.
434 3095 477 3160 N.
502 3097 544 3178 X,
575 3099 684 3183 lsqq.
721 3097 791 3161 coll.
816 3095 891 3178 VII,
917 3099 954 3161 12
974 3099 1072 3185 sqq).
1118 3095 1276 3183 Voluptas

113 3219 228 3263 sensus
253 3197 382 3285 quidam
406 3199 533 3265 sibimet
555 3199 615 3287 ipsi
643 3199 862 3264 satisfaciuudi
890 3198 1017 3264 videtur
1044 3221 1128 3281 esse,
1155 3197 1187 3262 in
1214 3218 1276 3283 quo

114 3324 181 3367 uno
212 3301 322 3366 vivere
350 3310 382 3365 et
410 3323 507 3387 agere
536 3303 658 3367 intumo
689 3303 794 3366 animo
818 3303 1023 3368 consentiunt
1056 3295 1091 3388 (ἡ
1115 3295 1148 3365 d'
1172 3293 1274 3387 ἡδονή

113 3404 242 3472 astarot
261 3402 321 3483 τὰς
343 3399 507 3493 ἐνεργείας
529 3403 586 3471 καὶ
606 3405 644 3472 τὸ
669 3405 726 3493 ζῆν
749 3404 795 3490 δέ,
821 3394 860 3472 οὗ
883 3399 1087 3492 terrama:
1118 3426 1200 3492 quae
1225 3401 1276 3466 de-

112 3509 218 3575 finitio
242 3533 313 3574 cum
335 3509 445 3574 Nostri
468 3508 629 3573 sententia
651 3510 783 3575 forsitan
808 3509 946 3574 maxime
970 3506 1141 3573 conveniat
1164 3506 1220 3589 (cf.
1233 3505 1275 3569 ib.

114 3614 162 3694 X,
185 3614 206 3677 4
228 3622 308 3678 extr.
330 3613 351 3678 5
371 3611 441 3694 in).
487 3611 587 3676 Nulla
608 3612 691 3676 enirn
714 3636 773 3699 per
794 3637 828 3677 se
846 3611 1075 3698 ¹generatione,
1103 3610 1191 3676 nulla
1213 3629 1277 3672 mo-

114 3717 207 3783 tione
230 3711 351 3800 (οὗθεν
373 3710 499 3802 κίνησις
521 3707 603 3784 οὐδὲ
625 3713 776 3800 γένεσις),
799 3753 836 3764 —-
862 3727 897 3780 ut
919 3715 1011 3780 Plato
1034 3713 1067 3777 id
1090 3711 1211 3791 statuit,
1237 3748 1273 3757 —

115 3820 211 3908 quasi
233 3819 317 3886 ultro
334 3818 454 3906 aliquid
471 3819 582 3906 puncti
597 3819 696 3883 instar
713 3827 882 3904 emergens
906 3813 957 3900 (ἐν
978 3818 1026 3904 aqi
1048 3818 1105 3882 etv
1128 3811 1205 3882 ὅλον
1227 3817 1276 3897 τι)

114 3947 157 3988 ea
178 3945 247 3988 esse
271 3921 396 4004 dicitur,
421 3943 503 4008 quae
519 3920 559 3986 ad
582 3945 709 3988 omnem
732 3921 889 3987 actionem
913 3921 1082 4009 perficiens
1105 3928 1202 4007 atque
1225 3919 1277 3983 ab·

115 4028 246 4094 solvens
265 4066 301 4074 —
319 4019 556 4112 ἒπιγενόμενον
576 4024 725 4104 τέλος-
749 4025 873 4092 secedit
895 4025 955 4108 (ib.
974 4026 1003 4090 3.
1033 4023 1169 4089 117419
1186 4045 1276 4110 sqq.;

112 4197 316 4208 ...η-ὺ--φ-

191 4287 211 4354 ¹)
232 4290 271 4341 (11.
284 4291 321 4342 M.
335 4291 402 4342 Mor.
417 4289 450 4353 lI,
464 4289 488 4342 7Ι
509 4287 599 4343 12060
614 4289 631 4343 3
645 4307 702 4356 sqq.

191 4377 210 4442 ⁷)
229 4379 278 4431 An.
292 4395 331 4445 pr.
345 4381 377 4442 ll,
391 4378 425 4432 27
444 4377 530 4444 (Rhet.
544 4379 564 4440 I,
578 4377 603 4432 2.
623 4378 823 4446 1357121111.

190 4464 210 4530 ³)
230 4465 267 4516 Cf.
282 4466 504 4535 Trendelenburg,
519 4483 610 4519 comm.
625 4483 648 4533 p.
663 4464 714 4519 175
726 4484 783 4534 sqq.
803 4467 845 4532 (de
865 4485 956 4520 somno
971 4469 994 4533 1,
1008 4465 1081 4520 454b
1094 4466 1128 4519 29
1141 4462 1199 4530 sq).

190 4551 212 4620 ⁴)
233 4555 273 4608 De
285 4557 349 4622 part.
364 4569 397 4604 an
418 4555 454 4620 11,
468 4554 510 4608 17.
529 4553 603 4608 661α
617 4552 634 4607 6
646 4570 702 4620 sqq.
722 4554 766 4618 (of.
780 4556 795 4616 ξ
809 4554 861 4620 17).
