3156 5246
606 387 812 448 „75-

127 555 226 642 (ὅλαν
246 555 329 624 κατὰ
352 557 411 643 τὴν
434 553 621 644 αἴσθησιν),
647 579 716 622 cum
741 556 835 632 notis,
858 557 902 620 rei
927 565 1061 620 naturae
1077 555 1130 618 vel
1144 575 1287 620 necessa

126 663 184 728 riis
205 662 258 728 vel
279 683 343 726 non
367 661 574 741 necessariis,
598 659 730 725 confuse
752 668 786 721 ct
807 659 978 744 permixte.
1007 695 1048 706 -
1078 656 1159 722 Inde
1182 659 1288 742 cogni·

126 764 225 830 tionis
248 785 326 842 esse,
349 783 458 826 vorem
482 763 526 828 rei
549 771 695 827 naturam
713 772 744 824 et
760 769 866 846 partes
890 761 958 824 eius
982 759 1172 845 etsingulas
1194 767 1286 824 notas

128 865 187 950 (τὰ
208 859 287 932 καθ’
313 863 451 947 ἕκαστα)
474 864 560 929 clare
584 875 616 928 et
638 864 785 928 distincte
808 864 1000 942 discernere,
1026 871 1191 948 tamquam
1217 883 1289 928 cou-

128 970 266 1036 stituens
289 969 409 1054 aliquid
432 967 472 1031 ab
495 965 724 1032 accidentibus.
758 966 828 1030 Nec
851 985 927 1030 vero
950 974 1110 1049 repugnat
1132 963 1288 1051 superiori

128 1074 202 1137 loco
218 1074 297 1153 (An.
315 1092 367 1157 po.
384 1071 411 1150 Ι,
423 1069 469 1156 2),
486 1070 571 1156 quod
585 1069 638 1132 hic
654 1067 834 1132 universale
850 1066 970 1153 aliquid
987 1087 1056 1130 esse
1074 1065 1188 1130 dicitur
1198 1067 1234 1148 ¹).
1250 1103 1286 1112 -

129 1175 196 1261 Agi
220 1175 373 1239 docemur
387 1174 454 1238 illic
470 1173 508 1236 de
527 1172 650 1236 ratione
672 1170 905 1256 cognoscenda,
928 1169 978 1232 lrio
1002 1166 1043 1232 ex'
1063 1167 1236 1248 indefinitis
1252 1192 1290 1232 ae

128 1277 228 1342 rebus
249 1275 422 1341 commistis
452 1273 508 1357 (τὰ
534 1268 770 1354 συγκεχύμενα)
803 1273 941 1358 ideoque
969 1291 1009 1334 ox
1035 1271 1183 1334 universo
1214 1293 1289 1357 quo-

131 1378 207 1442 dam
237 1377 379 1461 singula,
407 1399 513 1441 rerum
541 1376 699 1440 elementa
728 1385 760 1438 et
790 1373 946 1460 principia
973 1371 1030 1455 (ool
1057 1375 1203 1453 στοιχεῖα
1233 1374 1289 1438 καὶ

130 1479 192 1558 τὰς
208 1473 334 1564 ἀρχάς),
358 1480 528 1544 enucleare
536 1477 572 1560 ²).
589 1515 626 1526 -
645 1477 740 1555 Quod
756 1477 886 1540 notione
902 1476 1048 1562 primum,
1072 1477 1217 1540 ultimum
1242 1487 1290 1542 est

132 1582 226 1648 nobis
249 1583 356 1648 auimo
386 1581 665 1668 cognoscentibus.
696 1615 733 1626 —
761 1579 836 1643 Non
865 1578 1035 1660 enimita,
1063 1590 1099 1643 ut
1125 1588 1290 1666 punctum,

136 1697 206 1750 tum
226 1684 354 1762 lineam,
377 1694 443 1750 tum
467 1685 608 1770 planum,
632 1693 699 1748 tum
722 1681 857 1746 solidum
882 1680 1148 1768 conprendamus,
1172 1682 1291 1746 sedne

136 1795 188 1850 tro
214 1780 438 1869 (dodrantes),
458 1787 585 1852 diverso
614 1783 744 1871 quidem
770 1806 812 1848 ex
839 1783 967 1866 ordine,
1001 1807 1041 1848 ex
1066 1783 1166 1847 rebus
1192 1785 1291 1849 oculis

136 1889 348 1955 subiectisad
371 1911 499 1956 causam
522 1887 714 1952 efficientem
741 1886 906 1950 hominnm
933 1885 969 1948 fit
996 1881 1238 1970 conprendendi
1261 1898 1292 1952 et

133 1989 278 2058 discendi
293 2001 327 2056 et
343 1989 558 2078 cognoscendi
572 1989 737 2074 ingressus
761 1988 858 2073 (Top.
876 1987 933 2064 VI,
948 1988 978 2052 4.
998 1989 1083 2051 l4lb
1098 1990 1205 2054 o--14
1220 1991 1291 2054 coll

131 2091 243 2157 dean.
264 2093 351 2174 11,ss
372 2095 430 2158 in:
458 2092 493 2160 ἐκ
515 2095 580 2158 τῶν
603 2086 746 2176 ἀσαφῶν
765 2087 827 2169 μὲν
848 2089 1086 2175 φανερωτέρων
1107 2091 1145 2156 δὲ
1167 2087 1294 2175 γίνεται

129 2190 174 2258 τὸ
197 2193 303 2279 σαφὲς
325 2193 486 2262 καὶκατὰ
508 2193 566 2260 τὸν
588 2189 687 2280 λόγον
709 2188 985 2280 γνωριμώτερον).
1031 2193 1096 2256 Res
1122 2196 1292 2280 perspicua

132 2294 273 2360 videtur.
322 2295 488 2383 Oolligens
512 2319 611 2384 seque
631 2297 779 2361 attollens
807 2317 848 2358 ex
875 2295 984 2359 multis
1013 2305 1046 2357 at
1077 2295 1292 2380 singularibus

130 2396 232 2462 rebus
256 2398 298 2462 ad
318 2407 423 2463 totum
443 2409 475 2462 et
495 2399 680 2464 universum
703 2397 824 2484 aliquid
846 2397 954 2462 omnia
974 2399 1182 2484 conplectens
1202 2421 1293 2464 mens

131 2499 275 2564 humana
297 2523 354 2587 pro
377 2524 436 2566 sua
458 2513 574 2566 natura
601 2501 786 2566 facultatem
818 2501 878 2563 sibi
901 2510 1057 2586 conparat
1084 2495 1122 2564 ec
1148 2501 1231 2582 rim,
1258 2514 1293 2568 ut

131 2600 230 2686 plene
253 2613 286 2666 et
308 2625 405 2688 quam
424 2591 568 2668 'maxime
594 2584 750 2668 instructa
779 2625 820 2668 ex
848 2623 972 2668 summa
1002 2624 1131 2689 quaque
1160 2604 1295 2670 scientia

132 2715 321 2791 utrumque,
346 2715 379 2769 et
399 2705 550 2770 universa
573 2715 605 2770 et
626 2706 767 2792 singula,
789 2705 1006 2793 perspiciat³).
1034 2741 1076 2752 -
1104 2703 1228 2783 Quodsi
1250 2707 1296 2772 in·

131 2805 322 2892 tellegontia
343 2807 396 2888 ita,
420 2807 620 2874 continenter
643 2819 674 2872 et
694 2809 865 2895 gradatim,
889 2807 1034 2892 procedit
1053 2817 1089 2872 et
1102 2830 1213 2874 rursus
1236 2831 1295 2896 per

131 2929 256 2992 genera
279 2920 311 2974 at
333 2912 457 2994 specics
479 2909 593 2975 ultima
613 2934 716 2999 usque
743 2934 855 2976 verum
878 2909 1061 2974 discrimina
1088 2909 1296 2993 (τελευταίας

132 3005 319 3099 διαφοράς)
343 3012 502 3098 depromit
524 3035 561 3075 ac
585 3012 767 3100 deprendit:
796 3013 987 3100 principium
1016 3035 1088 3077 esso
1108 3035 1150 3080 ex
1170 3017 1295 3082 Aristo

133 3113 210 3176 telis
235 3113 395 3180 sententie
419 3137 483 3180 non
515 3113 647 3188 dubium
675 3127 723 3180 est
753 3115 884 3181 rationis
918 3116 1133 3201 cognoscendi
1167 3112 1294 3204 (ἀρχήν,

134 3210 222 3282 ὅθεν
244 3210 264 3302 ἦ
288 3211 445 3300 κίνησις),
473 3239 536 3302 qua
559 3239 656 3284 cauea
678 3218 737 3282 etsi
760 3230 884 3284 remote
907 3230 1001 3282 antea
1024 3227 1057 3282 et
1078 3221 1203 3302 ignota,
1235 3220 1294 3284 dis-

136 3318 287 3384 centibus
302 3319 451 3404 proxima
466 3319 565 3402 reddi,
588 3331 624 3385 ut
639 3321 685 3384 sic
700 3322 823 3407 loquar,
847 3318 1030 3404 ottogeba,
1054 3321 1084 3382 b.
1102 3341 1128 3384 e.
1150 3321 1294 3405 scientia,

134 3421 222 3486 ellici
243 3421 353 3507 possit.
371 3455 408 3466 -
425 3419 458 3484 N
462 3442 498 3484 eo
520 3432 640 3502 temere
663 3422 704 3486 ad
725 3422 804 3487 illud
827 3420 885 3488 ἐπὶ
905 3419 943 3486 τὸ
959 3419 1064 3506 πέρας
1077 3414 1099 3508 ἢ
1114 3416 1293 3508 ἀνάπαλιν,

135 3557 178 3572 ·-
201 3522 234 3588 iu
262 3545 325 3608 quo
353 3520 487 3587 docendi
514 3524 707 3610 analyticam
736 3535 768 3590 et
797 3522 1010 3609 syntheticam
1037 3525 1194 3590 rationem
1223 3549 1295 3592 con·

133 3625 250 3690 sistere
266 3623 489 3710 intellegimus,
515 3624 559 3670 -’
576 3628 714 3693 studium
738 3629 853 3692 mentis
874 3627 1041 3708 humanae,
1065 3648 1137 3690 cum
1152 3627 1295 3694 discendi

135 3726 316 3814 cupiditate
339 3736 497 3790 commota
518 3728 581 3794 huc
601 3741 633 3794 et
654 3731 740 3813 illuc,
763 3753 888 3796 rursum
907 3752 1054 3816 prorsum
1077 3739 1200 3815 agatur,
1223 3753 1295 3798 eum

135 3833 201 3896 isto
218 3830 409 3895 athletarum
427 3851 654 3918 cursoremque
676 3833 708 3896 in
724 3833 829 3898 stadio
845 3832 1021 3918 agonistico
1038 3855 1129 3896 more
1143 3856 1297 3922 conpara·

135 3945 193 4000 tur
223 3933 315 4016 (Ean.
337 3932 381 3998 N.
403 3933 435 4014 I,
456 3933 488 3996 2.
512 3933 677 3998 1095032
700 3937 799 4021 sqq.)
830 3971 867 3982 -·
898 3936 1006 4022 Atque
1033 3933 1145 3999 studiis
1169 3938 1296 4004 nonnisi

132 4037 253 4104 ,honori
280 4045 329 4102 est
350 4057 537 4121 summoque
557 4036 660 4122 pretio
682 4039 836 4102 victoriae
860 4047 1043 4124 reportatae
1065 4038 1233 4123 fructus⁴).
1258 4077 1294 4088 ...

140 4159 343 4172 —-.-—.—-

215 4203 222 4231 1

214 4202 235 4354 'l
252 4201 292 4340 gl.
304 4201 526 4355 {ressirdelenburffi
545 4305 567 4340 a.
581 4289 626 4340 Ar.
639 4287 671 4338 de
682 4303 724 4338 au.
737 4303 761 4353 p.
775 4288 835 4342 339.

215 4374 235 4440 ³)
254 4375 291 4427 Cf.
304 4378 354 4426 An.
365 4392 407 4441 po.
420 4377 442 4439 1,
455 4375 490 4430 28
503 4377 538 4426 in.
558 4375 617 4428 coll.
632 4374 857 4442 Treudaleuburg,
877 4378 947 4429 Hiet.
961 4379 1041 4430 Beltr.
1057 4380 1077 4442 l,
1091 4395 1115 4444 p.
1130 4377 1180 4432 149
1194 4395 1249 4442 sqq.

217 4461 237 4530 ¹)
257 4463 294 4514 Of·
308 4464 322 4525 ἓ
335 4463 370 4517 38
382 4479 402 4515 s.
416 4464 432 4517 l.
