3154 5252
775 393 986 458 „10-

302 571 383 628 extr.
404 561 468 643 111,
493 563 546 644 12)
558 561 594 644 ¹).
639 562 687 628 Ut
714 563 800 627 onim
828 561 884 628 vix
911 587 981 630 esse
1012 562 1067 649 qui
1099 561 1242 628 solitaria
1276 563 1458 632 conditione

300 663 445 729 viventes
472 663 592 730 bonum
621 674 654 730 et
680 686 833 730 exercere
861 674 894 729 et
920 687 1079 734 summam
1105 664 1182 730 boni
1209 687 1285 732 vere
1315 667 1376 732 sibi
1404 666 1458 733 ad-

300 788 426 832 sumere
448 767 557 846 velint,
581 775 616 832 ut
637 767 701 834 iam
724 789 854 832 causam
876 767 1017 834 omnium
1038 765 1195 832 malorum
1211 789 1281 834 esse
1299 778 1331 834 et
1346 791 1477 856 pecca-¹
1559 779 1560 782 ’

300 879 420 951 torum,
448 869 475 935 si
497 892 538 936 ex
560 880 626 936 toto
649 891 723 956 pars
747 892 805 934 suo
833 869 938 935 studio
966 878 1118 935 contenta
1139 892 1261 956 suaque
1282 870 1457 958 eupiditate
1559 921 1560 952 .

299 970 438 1058 impulsa
460 971 643 1056 egrediatur
673 969 758 1054 (Pol.
785 971 815 1053 I,
836 972 868 1036 2.
893 971 1008 1036 1253a
1029 973 1070 1036 26
1091 973 1195 1058 sqq.):
1222 973 1268 1037 sie
1295 974 1456 1040 hominem

298 1095 365 1138 non
387 1096 481 1160 posse
509 1075 569 1140 nisi
596 1075 630 1139 in
656 1074 820 1138 hominum
846 1072 999 1138 societate
1024 1096 1102 1140 vere
1129 1076 1268 1142 humane
1290 1067 1360 1159 (εὖ)
1382 1079 1404 1142 i.
1428 1099 1455 1142 e.

299 1175 382 1239 bene
404 1197 441 1240 ac
463 1178 576 1262 pulcre
598 1176 723 1260 (καλῶς
743 1173 800 1241 καὶ
821 1169 977 1260 ἀγαθοῖς)
999 1178 1120 1259 vivere,
1143 1198 1250 1264 neque
1276 1217 1310 1227 -
1334 1177 1454 1267 ἐπειδὴ

300 1272 404 1365 φύσει
424 1277 596 1358 πολιτικὸς
617 1272 800 1366 ἅνθρωπος
817 1315 855 1326 -
872 1279 932 1344 nisi
954 1280 988 1344 in
1011 1279 1237 1346 communitate
1252 1279 1348 1363 vitae,
1372 1303 1457 1369 quae

300 1390 434 1447 naturae
458 1383 642 1465 conveniat,
669 1381 788 1450 bouum
815 1381 894 1448 illud
917 1380 1060 1468 undique
1082 1381 1260 1466 perfectum
1283 1382 1456 1468 (τέλειον),

301 1485 385 1570 quod
401 1507 459 1571 per
475 1507 509 1550 se
524 1485 600 1548 satis
617 1506 688 1548 esse
708 1485 856 1550 videatur
878 1474 1079 1570 (αὔταρκες),
1103 1486 1326 1570 persequendo
1341 1509 1457 1574 parare

300 1585 391 1666 (Etb.
407 1587 450 1652 N.
468 1588 495 1668 Ι,
511 1587 542 1650 5.
569 1587 675 1652 loeta
691 1587 711 1651 8
726 1590 825 1674 sqq).
862 1587 1043 1652 Perfectum
1059 1593 1167 1652 autem
1184 1607 1282 1673 seque
1297 1588 1368 1676 ipso
1385 1613 1458 1656 oon·
1536 1647 1539 1654 .

299 1698 423 1753 tentum
445 1689 524 1754 nihil
546 1699 596 1754 est
610 1689 697 1754 aliud
711 1711 753 1754 ex
768 1689 881 1754 Nostri
897 1686 1054 1753 sententia
1075 1709 1172 1773 quarn
1193 1687 1227 1752 id
1249 1691 1335 1776 quod
1358 1694 1459 1760 omni-

299 1815 353 1856 um
381 1814 490 1858 rerum
518 1815 601 1879 quae
632 1791 757 1877 agendo
791 1789 999 1878 perficiuntur
1025 1797 1205 1856 extremum
1226 1790 1459 1878 videturesse,

298 1893 366 1959 scil.
402 1894 462 1977 (ib.
484 1896 502 1959 b
525 1895 583 1976 20)
611 1887 631 1982 ἦ
664 1887 864 1977 εὐδαιμονία
892 1896 958 1959 τῶν
989 1893 1144 1980 πρακτῶν
1174 1884 1258 1960 οἶσα
1289 1893 1386 1974 τέλος
1413 1935 1456 1946 -—

298 1995 474 2064 beatitudo.

853 2187 900 2252 II.

382 2303 413 2368 5.
435 2304 607 2372 Beatitudo
629 2306 728 2392 igitur
749 2305 890 2371 omnium
912 2327 1021 2370 rerum
1035 2303 1162 2370 actione
1185 2304 1456 2392 perficiundarum

297 2430 455 2472 summum
479 2409 598 2474 bonum
627 2409 744 2474 dicitur
773 2430 859 2473 esse:
891 2406 930 2472 de
957 2407 1087 2473 nomine
1111 2406 1240 2494 quidem
1261 2408 1454 2476 Aristoteles
1559 2399 1560 2406 ἵ

297 2531 408 2574 omnes
429 2511 499 2575 fere
521 2513 701 2578 consentire
728 2521 821 2599 putat
848 2504 1006 2594 (ὀνόματι
1033 2507 1150 2590 σχεδὸν
1176 2503 1245 2576 ὑπὸ
1268 2513 1332 2576 τῶν
1354 2508 1453 2577 πλεί-

296 2633 383 2676 στων
403 2603 642 2698 ὁμολογεῖται),
665 2613 851 2700 bonumque
874 2613 936 2678 sibi
950 2612 1137 2700 adpetentes
1153 2635 1218 2677 una
1232 2612 1393 2699 percipere
1416 2623 1451 2676 et

296 2713 462 2781 nominare
484 2714 563 2780 illud
579 2753 621 2764 -
635 2711 758 2782 ταύτόν
772 2753 814 2764 -
831 2738 893 2802 quo
917 2715 1047 2780 vivendi
1069 2714 1251 2801 agendique
1265 2714 1342 2779 ratio
1363 2714 1446 2780 bene

296 2815 482 2900 perficiatur
503 2853 544 2864 -
566 2812 605 2886 ud
628 2810 665 2886 ad
685 2819 743 2907 ζῆν
763 2817 820 2885 καὶ
840 2817 879 2886 τὸ
902 2811 941 2886 εὖ
968 2811 1191 2907 πράττειν-
1213 2818 1341 2883 beatum
1368 2837 1449 2882 esee.

297 2917 388 2999 (Eth.
403 2918 446 2984 N.
463 2919 489 3000 I,
505 2921 533 2982 2.
559 2921 669 2987 10950
684 2923 725 2986 15
740 2923 826 3008 sqq.)
836 2921 862 3004 ²)
906 2922 959 2986 De
986 2944 1024 2985 eo
1047 2930 1153 2985 autem
1182 2918 1259 3007 quid
1287 2918 1331 2984 sit
1356 2919 1452 2984 beati·

295 3019 373 3086 tudo
395 3057 438 3070 —-
459 3017 493 3088 τί
513 3020 603 3089 ἐστιν
624 3061 667 3072 -
695 3023 977 3089 vehementissime
1003 3023 1087 3087 inter
1109 3045 1144 3088 se
1166 3021 1311 3087 homines
1334 3020 1454 3088 dissen-

295 3124 371 3188 tire:
392 3123 445 3189 alii
469 3125 554 3190 enim
577 3125 653 3192 dum
676 3148 790 3214 parum
813 3124 970 3191 subtiliter
987 3133 1043 3189 aut
1058 3126 1257 3212 voluptatem
1280 3133 1335 3188 aut
1356 3124 1454 3191 hono-

294 3249 364 3292 rem
385 3236 441 3292 eut
463 3226 591 3292 divitias
612 3228 763 3310 laudent,
789 3227 829 3293 ab
853 3228 922 3294 aliis
945 3227 1031 3292 aliud
1055 3250 1214 3293 summurn
1236 3222 1359 3292 bo'num
1380 3227 1455 3294 bea·
1556 3223 1558 3302 ζ

293 3331 516 3417 tissimumque
532 3330 643 3397 haberi
666 3332 758 3414 (Eth.
773 3331 816 3396 N.
831 3331 860 3411 l,
876 3332 924 3413 3).
950 3330 1137 3416 Utrumque
1150 3351 1237 3411 vero,
1259 3328 1332 3395 illos
1346 3351 1454 3416 neque

294 3430 328 3495 id
350 3432 437 3518 quod
451 3456 528 3498 vere
545 3435 754 3520 absoluteque
768 3434 888 3500 bonum
904 3434 946 3499 sit
961 3431 1242 3519 comprehendisse
1264 3430 1324 3514 (ib.
1343 3433 1453 3498 109au

293 3536 335 3600 29
351 3538 443 3623 sqq.)
464 3545 496 3601 et
517 3561 601 3602 vana
624 3539 731 3625 specie
753 3531 913 3618 muratos
935 3527 1041 3617 εἶδος)
1062 3533 1165 3599 teneri
1188 3556 1253 3616 eos,
1276 3533 1331 3620 qui
1354 3557 1452 3600 unam

293 3637 381 3704 illam
404 3638 684 3726 abundantemque
701 3632 793 3704 ‘boni
815 3661 872 3726 per
895 3633 937 3704 se'
961 3637 1066 3703 ideam
1089 3629 1239 3721 (ἀγαθὸν
1253 3630 1333 3701 καθ’
1351 3629 1452 3719 αὑτό)

293 3740 481 3828 praedicare
496 3743 630 3824 soleant,
647 3739 831 3808 clarissimis
846 3738 938 3808 uobis
950 3739 1211 3827 gravissimisque
1222 3739 1454 3826 argumentisa

293 3844 451 3930 Stagirita
463 3845 701 3911 demonstratur
712 3854 811 3931 atque
823 3843 1030 3909 confirmatur
1046 3843 1082 3924 (l.
1094 3843 1116 3906 l.
1132 3867 1159 3907 c.
1171 3843 1203 3906 4.
1216 3865 1267 3929 pr.
1285 3842 1367 3907 1096
1376 3863 1397 3906 α
1408 3844 1451 3908 28
1556 3831 1557 3854 ¹

294 3970 342 4033 sq.
358 3967 380 4010 α
393 3946 449 4032 34;
472 3949 575 4028 aab).
611 3946 733 4012 Contra
743 3945 888 4012 Platonis
905 3945 1083 4010 doctrinam
1096 3945 1259 4032 disputare
1271 3943 1362 4010 vides
1378 3944 1452 4010 Ari·
1556 3985 1557 4004 .

293 4050 438 4115 stotelem
454 4051 586 4137 quinon
599 4049 640 4114 ad
657 4072 756 4115 unum
772 4058 807 4114 et
818 4047 956 4115 sublime
970 4047 1091 4135 aliquid
1107 4047 1162 4112 sed
1179 4045 1220 4110 ad
1236 4046 1356 4112 bonum
1371 4045 1452 4112 illud

293 4152 378 4240 quod
400 4162 449 4220 est
470 4154 503 4218 in
525 4151 642 4237 singuli
665 4151 819 4237 cuiusque
833 4149 971 4217 hominis
986 4159 1101 4217 natura
1115 4149 1256 4216 animum
1272 4148 1451 4231 intendit³)

293 4266 492 4277 ——-—-——

364 4310 382 4374 ι)
403 4309 441 4359 cf.
455 4309 510 4360 Pol.
524 4309 574 4372 111,
590 4312 628 4360 ra.
651 4313 741 4360 meaa
755 4313 796 4359 ae.

365 4397 385 4459 ²¹)
405 4395 443 4445 Cf.
457 4396 564 4446 Eadem.
580 4394 644 4459 1‚7;
663 4398 718 4447 ΡοΙ.
733 4397 779 4458 IV,
795 4399 809 4445 2
824 4397 859 4446 in.

362 4484 382 4548 ³)
402 4484 440 4534 Gl.
460 4482 596 4534 Heindorf.
616 4484 648 4534 ad
666 4484 733 4534 Plat.
748 4483 854 4534 Thoact.
872 4501 895 4550 p.
911 4488 969 4536 lau.
