3156 5246
800 414 1004 478 ..74-

327 581 423 650 Haud
446 581 512 648 scio
536 604 576 648 on
600 605 654 652 res
679 587 723 647 ita
747 603 784 646 se
812 585 939 650 lrabeat.
983 583 1022 650 Id
1050 585 1136 670 quod
1161 607 1260 671 saepe
1285 595 1320 650 et
1346 586 1486 673 plerum
1548 631 1549 644 2

327 705 391 771 quc
415 681 534 768 (ὅλως)
558 687 656 767 ualet,
687 709 743 772 per
765 686 982 752 inductionem
1013 687 1172 773 quandam
1202 698 1366 773 tamquam
1389 687 1486 752 abso

325 785 394 852 luto
416 798 448 852 et
470 789 598 854 omnino
620 788 728 852 valere
750 789 942 876 concipitur:
965 791 1083 876 itaque,
1105 789 1237 854 notione
1260 791 1357 856 etiam
1378 793 1485 876 magis

326 888 466 973 dilatate,
489 914 562 958 curu
586 893 614 956 ei
637 891 809 978 opponitur
831 893 916 977 quod
932 901 980 956 est
1000 885 1080 960 ‘udde
1094 915 1136 969 τι,
1160 903 1229 958 tum
1251 909 1309 979 pro
1333 915 1371 958 eo
1393 916 1487 958 usur·

325 1003 420 1078 patus
454 995 539 1080 quod
569 993 762 1079 generaliter
795 989 979 1074 (uuolton)
1013 994 1120 1060 valere
1154 994 1315 1076 dicitur¹).
1344 1031 1382 1042 -
1411 991 1485 1060 Sed

204 1147 206 1162 .
326 1095 449 1160 iuvabit
472 1096 544 1162 hinc
568 1119 608 1162 ex
632 1098 732 1162 altera
754 1119 881 1182 quoquc
905 1106 998 1180 parte
1019 1118 1087 1160 rem
1109 1097 1279 1162 illustrare.

410 1304 462 1368 39.
485 1303 571 1368 Hinc
594 1304 678 1366 enim
702 1325 765 1390 quc
781 1302 883 1389 magis
899 1302 1042 1388 adparet,
1066 1302 1142 1388 quid
1160 1303 1202 1368 sit
1217 1303 1387 1368 honestum
1411 1325 1484 1366 esse
1548 1353 1549 1356 ,

327 1427 366 1470 eo
394 1406 508 1472 clarius
537 1406 632 1472 etiarn
660 1405 796 1492 patebit,
832 1427 895 1491 qua
925 1404 1111 1472 rationeet
1139 1406 1190 1470 via
1220 1408 1388 1470 honestum
1412 1407 1482 1470 fieri

324 1509 436 1595 possit.
458 1545 495 1559 -·-
521 1509 637 1574 Denuo
665 1531 737 1572 cum
764 1505 938 1572 Aristotele
967 1506 1137 1574 dicendum
1164 1519 1213 1572 est
1240 1508 1326 1590 (Pol.
1348 1509 1407 1589 lv,
1438 1509 1481 1571 13.

328 1612 438 1678 1332a
452 1613 525 1693 22);
548 1604 778 1688 ὅτιτοιοῦτός
799 1607 889 1675 ἐστιν
910 1601 930 1672 ὁ
952 1609 1146 1690 σπουδαῖος,
1171 1599 1272 1697 uidit
1285 1610 1347 1699 τὴν
1361 1606 1482 1698 ἀρετήν

324 1707 442 1800 ἀγαθά
465 1712 535 1782 ἐστι
549 1710 592 1779 τὰ
614 1706 732 1789 ἁπλῶς
754 1706 883 1797 ἀγαθά.
918 1712 1033 1778 Talem
1055 1734 1125 1778 esse
1148 1715 1308 1780 hominem
1331 1715 1481 1802 probum,
1548 1707 1549 1712 ¹

326 1817 378 1880 cui
405 1839 463 1903 per
487 1816 638 1881 virtutem
666 1816 752 1880 bona
778 1813 841 1878 sint
867 1837 905 1878 ea
932 1823 1016 1899 quoe
1048 1814 1197 1882 universe
1225 1841 1262 1881 ac
1294 1816 1481 1904 simpliciter

326 1929 400 1984 sunt
427 1919 521 1984 boue.
566 1918 683 1982 Verbis
712 1941 795 2005 quae
823 1927 897 1980 sunt
924 1913 983 1982 διὰ
1008 1910 1211 2005 adscisceris
1236 1919 1475 2004 baecMetaph.

327 2021 402 2103 (vl,
416 2022 449 2085 4.
474 2022 653 2102 1029o12)
676 2020 734 2088 διὰ
755 2015 882 2086 τούτων
903 2013 1013 2086 αὐτῶν
1038 2020 1189 2086 videntur
1209 2021 1421 2106 respondere.
1441 2057 1469 2066 -

327 2121 413 2201 Quid
436 2124 499 2189 hoc
518 2124 578 2188 sibi
600 2125 677 2190 velit
704 2124 798 2190 facile
825 2123 1033 2209 intellegitur.
1079 2121 1244 2202 Quantum
1273 2124 1376 2189 virtus
1402 2143 1474 2210 quae

326 2247 367 2292 cx
390 2226 458 2292 sola
479 2227 633 2294 facultate
655 2222 827 2311 (δυνάμει)
834 2221 847 2307 ,’
868 2263 904 2272 -
929 2226 962 2290 vi
984 2226 1242 2291 consuetuedinis
1264 2226 1419 2304 adhiblta,
1443 2263 1473 2274 ν

326 2328 453 2394 habitus
475 2331 563 2395 facta
585 2341 633 2396 cst
655 2328 765 2413 (ἕξις),
790 2339 957 2415 quantum,
980 2327 1061 2407 dico,
1083 2327 1139 2390 illa
1160 2329 1305 2413 porrigat
1319 2329 1360 2394 ad
1384 2331 1476 2394 homi-

324 2453 400 2496 nem
423 2431 505 2496 benc
527 2443 682 2499 moratum
706 2432 809 2517 magis
830 2432 999 2518 magisque
1021 2430 1269 2517 perficiundum:
1291 2441 1414 2497 tantum
1437 2433 1476 2495 vi·
1548 2465 1549 2470 ν

326 2533 420 2598 detur
446 2535 486 2599 ad
514 2535 679 2600 scientiam
712 2537 887 2600 humanam
919 2532 1128 2598 excolendam
1163 2543 1194 2598 et
1224 2535 1473 2620 amplificandam

324 2635 359 2700 id
381 2638 544 2718 conferre,
567 2638 654 2725 quod
675 2661 716 2702 ex
739 2637 783 2709 eis
807 2658 889 2723 quac
912 2659 1026 2724 parum
1049 2647 1143 2700 antea
1165 2637 1216 2700 vel
1238 2636 1322 2702 male
1353 2635 1473 2720 cognita

325 2748 417 2802 orant
442 2739 548 2806 auimo
576 2741 690 2806 deinde
719 2739 846 2827 penitus
868 2739 1062 2804 inculcatum
1086 2749 1119 2802 et
1141 2739 1306 2824 cognitum
1326 2736 1466 2800 habemus

325 2835 430 2921 (ὅλως
450 2838 627 2928 γνώριμα),
648 2852 813 2930 tamquam
833 2865 867 2906 re
888 2862 966 2906 vera
988 2840 1102 2906 meotis
1125 2840 1302 2927 proprium.
1318 2873 1352 2886 -
1368 2837 1468 2902 Hone-

326 2952 408 3008 state
428 2945 586 3030 gradatim
609 2945 876 3010 adsuefaciundus
893 2953 941 3008 est
955 2943 1062 3026 homo,
1083 2944 1137 3025 ita,
1159 2954 1194 3008 ut
1216 2942 1250 3008 id
1266 2941 1353 3030 quod
1373 2949 1404 3004 ct
1421 2937 1473 3000 bo
1547 2957 1548 2998 l

324 3073 404 3116 num
419 3048 479 3114 sibi
494 3060 527 3112 et
540 3060 666 3114 rectum
688 3048 806 3112 hebeat
826 3046 892 3109 tale
914 3045 955 3109 sit
975 3046 1061 3132 quod
1082 3067 1141 3132 per
1163 3067 1198 3110 sc
1214 3056 1310 3132 atque
1332 3041 1475 3110 universe

324 3154 446 3221 bonum
469 3162 501 3217 et
515 3163 636 3218 rectum
659 3150 700 3214 sit
722 3149 839 3214 aetolo
862 3171 926 3235 quo
945 3149 1109 3232 voluptate
1132 3148 1226 3214 adfici
1248 3149 1374 3214 deceat.
1408 3145 1476 3224 Quo

325 3257 486 3348 perveniri
509 3255 636 3342 poterit,
658 3253 817 3335 nimirum,
839 3249 1020 3338 parimodo
1044 3272 1081 3314 ac
1104 3251 1328 3335 cognoscendo
1345 3251 1387 3316 ad
1403 3251 1479 3313 veri·

325 3373 436 3430 tatem.
480 3357 576 3424 Hanc
597 3366 713 3422 natura
735 3355 828 3421 nobis
849 3354 976 3418 insitam
1001 3373 1073 3416 esse
1095 3353 1178 3416 viam
1202 3354 1317 3438 (Phys.
1333 3354 1361 3432 I,
1385 3358 1395 3413 l
1423 3351 1488 3430 io.)¹
1547 3349 1548 3358 ’

256 3546 259 3554 „
325 3464 456 3552 πέφυκε
478 3459 517 3528 δὲ
538 3455 573 3527 ἐκ
595 3463 660 3524 τῶν
681 3455 939 3544 γνωριμωτέρων
953 3449 1031 3541 ἡμῖν
1050 3448 1070 3540 ἡ
1087 3448 1167 3534 ὁδὸς
1189 3455 1244 3522 καὶ
1266 3453 1478 3541 σαφεστέρων

325 3566 386 3636 ἐπὶ
406 3565 449 3632 τὰ
471 3561 662 3652 σαφέστερα
683 3564 725 3650 τῇ
748 3555 849 3648 φύσει
870 3556 927 3624 καὶ
948 3560 1197 3646 γνωριμώτερα·
1230 3554 1271 3626 οὐ
1292 3559 1353 3645 γὰρ
1376 3555 1478 3626 ταύτὰ

324 3668 403 3760 ἡμῖν
423 3693 460 3736 τε
487 3663 636 3754 γνώριμα
663 3664 720 3731 καὶ
746 3659 873 3744 ἁπλῶς.
907 3699 941 3708 -
971 3661 1087 3748 Itaque
1115 3685 1155 3726 ex
1182 3663 1228 3727 eis
1257 3686 1339 3749 quae
1366 3676 1480 3728 natura

325 3777 454 3864 quidem
477 3773 534 3861 (τῇ
555 3765 671 3859 φύσει)
702 3771 805 3834 minus
827 3765 1106 3848 suntmanifestc,
1133 3766 1225 3832 nohis
1247 3775 1355 3830 eutem
1377 3765 1478 3851 magis

325 3879 505 3960 manifesta,
528 3875 569 3940 ad
592 3897 631 3940 ea
652 3871 862 3960 procedamus
885 3890 1017 3934 necesse
1040 3871 1110 3950 erit,
1134 3893 1217 3958 quac
1239 3879 1356 3934 natura
1377 3867 1478 3954 magis

325 3980 550 4047 manifestam
572 3977 696 4042 notiora
719 3985 805 4039 sunt.
831 4009 867 4025 -—
893 3971 1035 4038 Primum
1058 3972 1158 4054 enim,
1185 3983 1221 4038 ut
1243 3972 1396 4036 hocloco
1421 3983 1479 4042 tra·

326 4084 420 4166 ditur,
442 4091 545 4150 totum
561 4078 680 4166 aliquid
697 4100 754 4142 nos
770 4077 959 4154 adsciscere,
975 4085 1047 4141 utut
1062 4075 1209 4142 sensibus
1222 4074 1317 4140 simul
1333 4083 1478 4139 occurrat

400 4335 418 4398 ¹)
438 4333 475 4384 ef.
490 4333 553 4395 Tcp.
568 4331 591 4388 l,
606 4328 638 4380 12
658 4327 728 4391 (coll.
742 4325 965 4394 Trsndelsnburg‚
984 4328 1017 4382 cl.
1030 4328 1082 4394 log.
1097 4343 1121 4392 p.
1136 4325 1209 4388 104);
1230 4327 1280 4376 Au.
1293 4341 1336 4391 po.
1350 4326 1370 4388 Ι,
1383 4325 1409 4378 4.
1424 4321 1476 4377 7311
1546 4387 1547 4394 ἵ

325 4423 360 4476 26
373 4438 411 4487 sq.
431 4418 500 4483 (coll.
514 4413 737 4482 Trcudclcnburg,
750 4415 769 4464 l.
782 4415 800 4465 1.
813 4429 838 4488 p.
852 4414 916 4476 12OE
936 4417 1028 4468 Bonita
1046 4415 1079 4468 ad
1092 4415 1153 4468 Met.
1169 4411 1307 4468 104qu
1324 4413 1358 4482 [p.
1370 4411 1431 4479 400]
1453 4417 1475 4461 ct

325 4510 387 4562 uer.
401 4507 459 4568 vu,
472 4504 496 4558 e.
517 4502 605 4556 10330
618 4502 671 4566 26).

1546 4686 1548 4745 l
