3156 5246
790 432 995 498 ..gg-

316 597 415 686 igitur
437 623 502 668 una
524 625 596 668 cum
611 601 748 666 Platone
760 603 785 683 ¹)
808 603 997 668 Aristoteles
1021 625 1116 692 quam
1138 603 1276 691 primum
1299 602 1474 669 medendos

317 723 388 768 esse
410 714 521 770 censet
547 703 594 768 eis
627 725 710 790 quae
733 703 881 770 distincte
907 704 1110 792 gymnastico
1132 713 1164 770 et
1186 704 1407 792 paedotribica
1429 707 1477 771 di-

317 814 434 870 cuntur
456 807 590 887 artibus,
612 805 728 894 quibus
751 814 783 872 ct
804 807 932 872 habitus
954 804 1052 891 (ἕξις)
1068 808 1257 894 corporibus
1279 807 1383 894 qualis
1406 809 1475 894 qui·

316 908 390 973 dam
419 918 611 996 conparetur
638 919 671 974 et
693 908 734 974 ad
756 931 892 974 munera
919 908 1084 997 fungenda
1107 911 1255 975 habilitas
1279 920 1376 997 atque
1397 909 1476 974 faci-

316 1008 389 1074 litas
425 1010 483 1091 (ib.
505 1011 544 1088 V,
565 1011 586 1074 3
609 1011 708 1092 extr.)
728 1013 754 1094 ).
790 1047 829 1060 -
859 1012 945 1077 Fieri
978 1023 1087 1078 autem
1119 1025 1291 1101 utrumque
1324 1019 1475 1098 oportere

317 1135 468 1178 mensura
490 1111 632 1178 adhibita
659 1113 761 1178 etad
789 1123 926 1179 aetatem
955 1114 1153 1202 singulorum
1181 1113 1420 1179 educandorum
1443 1123 1477 1177 et
1552 1115 1553 1138 ¹

318 1236 487 1302 corporum
510 1213 768 1280 constitutionem
784 1215 887 1280 relata
909 1218 967 1299 (ib.
983 1241 1011 1281 c.
1026 1221 1048 1282 4
1063 1241 1088 1281 s.
1103 1217 1124 1280 f.
1141 1217 1213 1283 coll.
1230 1217 1304 1283 Etb.
1320 1215 1363 1281 N.
1379 1215 1426 1294 ΙΙ,
1444 1215 1475 1279 2.

319 1319 514 1400 1104a14):
543 1312 586 1384 τοί
607 1341 643 1382 τε
665 1315 727 1404 peip
748 1311 1004 1403 ὑπερβάλλοντα
1031 1314 1197 1406 γίμνάσια
1223 1318 1280 1386 καί
1300 1317 1343 1385 τά
1365 1313 1474 1385 ἀλλοί-

316 1443 424 1488 ποντα
446 1415 585 1508 φθείρει
605 1418 666 1506 τῆν
687 1415 787 1502 ἰσχύν.
835 1421 920 1486 Nam
943 1424 1085 1506 corporis
1108 1445 1191 1510 quae
1213 1434 1246 1488 et
1272 1421 1473 1488 inmoderate

318 1523 399 1589 liunt
421 1535 454 1588 et
475 1525 604 1612 parcius
628 1547 725 1611 quem
747 1525 867 1611 parsit
890 1524 1135 1592 exercitationes
1150 1525 1234 1590 vires
1254 1535 1476 1610 corrumpunt

317 1625 539 1713 Reprehendit
566 1627 756 1692 Aristoteles
782 1649 836 1690 eas
860 1625 1004 1692 civitates
1028 1649 1111 1714 quae
1133 1628 1193 1694 boo
1216 1629 1321 1694 minua
1349 1637 1475 1707 curant,

317 1750 382 1814 qua
405 1728 534 1814 quidem
557 1729 589 1792 in
617 1749 653 1792 re
680 1750 784 1814 neque
811 1727 916 1794 minus
944 1723 1174 1794 cum‘Platone
1197 1728 1402 1811 consentit³).
1435 1763 1476 1776 -

1551 1465 1553 1582 l

317 1829 512 1896 Necessaria
539 1829 625 1896 enim
652 1830 812 1896 ducuntur
839 1830 994 1896 inservire
1022 1829 1139 1896 debere
1173 1830 1219 1896 eis
1246 1853 1328 1918 quae
1361 1830 1473 1917 pulcra
1552 1875 1553 1882 τ

319 1941 403 2015 sunt,
426 1953 487 1999 nec
501 1933 661 1998 feritatem
677 1933 932 2020 athletarumque
946 1933 1147 1998 ferocitatem
1163 1931 1379 2020 adpetendam
1397 1953 1470 2014 esse,

322 2032 379 2098 scd
397 2069 434 2080 -
452 2029 537 2100 ὥστε
550 2032 597 2101 ’τὰ
619 2033 722 2101 καλὸν
743 2029 815 2100 ἀλλ’
832 2029 873 2102 οὗ
886 2035 926 2102 τὸ
942 2035 1110 2124 θηριῶδες
1124 2035 1177 2101 δεῖ
1190 2038 1468 2122 πρωταγωνιστεῖν

319 2135 446 2217 (tesso
457 2138 514 2222 29)
532 2177 569 2186 -
586 2138 708 2226 optumi
724 2138 784 2203 viri
797 2140 949 2204 virtutem
972 2134 1168 2223 (ἀνδρείαν).
1183 2172 1227 2186 —-·
1243 2138 1310 2204 Sed
1334 2139 1375 2202 de
1390 2160 1471 2225 gym-

318 2239 441 2306 nastica
464 2241 632 2330 disciplina
652 2242 818 2306 hactenus.
851 2241 948 2306 Nunc
970 2241 1011 2306 de
1026 2242 1148 2306 musica
1169 2239 1394 2306 disserendum
1417 2251 1471 2306 est.

402 2445 455 2510 45.
478 2446 549 2511 Iam
563 2445 689 2510 Musaei
704 2447 808 2512 fertur
829 2446 865 2529 (l.
881 2446 901 2510 1.
917 2447 948 2511 5.
968 2447 1074 2512 1339b
1090 2447 1162 2529 21):
1183 2449 1326 2534 βρωτοῖς
1338 2441 1471 2533 ἥδιστον

318 2537 455 2618 ἀείδειν.
488 2547 681 2615 Mortalibus
704 2549 783 2616 nihil
799 2560 892 2614 cantu
916 2546 1050 2612 dulcius.
1069 2585 1105 2596 -
1124 2547 1168 2612 Et
1189 2548 1263 2612 inde
1282 2558 1314 2612 et
1329 2569 1366 2613 eo
1388 2545 1469 2635 quod

318 2660 434 2714 natura
455 2651 587 2738 puerilis
613 2651 767 2718 laetitiam
800 2651 860 2716 sibi
884 2650 1056 2738 deposcere
1076 2650 1318 2738 imilationeque
1349 2649 1469 2717 videtur

318 2750 460 2835 gaudere
482 2753 646 2836 (1340a3
667 2756 757 2840 sqq.)
784 2754 866 2818 sicut
893 2775 1027 2840 corpora
1054 2755 1257 2840 gymnastico
1280 2753 1326 2818 sic
1345 2750 1461 2816 musica

320 2852 439 2918 debent
466 2857 563 2920 animi
591 2856 830 2938 conformari⁴).
855 2893 895 2906 -
918 2855 987 2920 Pol.
1009 2856 1030 2920 l.
1047 2856 1067 2920 l.
1093 2855 1202 2920 13390
1217 2857 1274 2920 21:
1301 2847 1320 2942 ἢ
1345 2852 1463 2936 μᾶλλον

317 2949 452 3040 οἶητίον
472 2950 558 3045 πρὸς
580 2955 700 3047 ἀρετήν
724 2983 758 3024 τι
779 2954 899 3024 τείνειν
924 2955 984 3044 τὴν
1010 2953 1186 3044 μουσικήν,
1216 2951 1263 3038 ἀς
1284 2954 1467 3040 δυναμένην,

321 3053 479 3146 καθάπερ
502 3056 522 3148 ἡ
545 3059 744 3149 γυμναστική
766 3059 804 3126 τὸ
828 3065 925 3142 σῶμα
947 3055 1049 3126 ποιόν
1074 3085 1108 3126 τι
1129 3057 1391 3148 παρασκευάζει,
1416 3055 1470 3124 καί

320 3159 380 3249 τήν
400 3164 563 3252 μουσικὴν
583 3163 622 3231 τὸ
644 3153 732 3252 ἦθος
752 3159 856 3230 ποιόν
881 3189 914 3229 τι
947 3168 1071 3242 ποιεῖν,
1099 3159 1281 3245 ἐθίζουσαν
1304 3159 1472 3230 δύνασθαι

317 3262 444 3352 χαίρειν
467 3261 592 3352 ὀρθῶς.
620 3305 662 3315 -
690 3268 750 3332 His
784 3266 927 3355 graviter
959 3265 1069 3348 dictis,
1102 3267 1249 3352 quamvis
1284 3290 1325 3330 cx
1355 3265 1475 3330 dubite-

320 3368 405 3434 tione
439 3371 577 3456 quadam
610 3365 770 3457 (ἀπορία)
804 3369 962 3456 repetitis,
998 3367 1095 3434 totius
1117 3368 1164 3432 rei
1191 3389 1316 3433 summa
1338 3369 1476 3432 contine

320 3479 371 3534 tur
394 3471 710 3561 (cf.1340u‘lsq.).
753 3471 878 3538 Musica
900 3471 999 3550 enim,
1028 3493 1111 3557 quae
1135 3476 1172 3518 —'-
1197 3480 1233 3534 ut
1254 3491 1331 3534 vere
1354 3481 1386 3533 et
1409 3470 1476 3536 sine

320 3572 385 3638 ulla
407 3572 604 3640 dubitatione
627 3575 809 3663 adparebit,
839 3611 876 3622 -
909 3584 941 3638 ct
964 3573 1005 3638 sd
1027 3573 1168 3639 indolem
1197 3572 1325 3639 virtutis
1346 3571 1475 3638 moralis
1550 3569 1551 3645 l

321 3685 354 3740 et
375 3674 416 3740 ad
439 3674 536 3741 animi
559 3676 690 3742 humani
713 3678 869 3742 culturum
892 3675 1021 3742 omnino
1044 3677 1208 3742 contendit
1235 3673 1307 3759 (καὶ
1328 3672 1418 3759 πρὸς
1438 3671 1474 3740 τὸ

318 3765 407 3864 ἦθος
427 3775 596 3859 συντείνει,
619 3776 677 3844 καί
693 3778 780 3866 πρὸς
792 3777 852 3866 τήν
866 3772 1001 3869 ψυχήν),
1024 3787 1112 3843 certo
1140 3778 1277 3866 quodam
1294 3779 1389 3845 modo
1414 3801 1474 3844 mo

320 3881 381 3944 rati
402 3903 461 3946 nos
483 3880 553 3946 fieri
575 3892 616 3948 et·
635 3881 747 3969 quales
775 3881 905 3970 quidam
935 3876 1050 3964 (ποιοί
1074 3883 1178 3962 τινες)
1208 3881 1367 3946 videmur:
1405 3905 1475 3948 cum

318 3981 391 4046 talis
423 3983 464 4048 sit
495 3985 579 4071 ipsa,
610 4006 675 4070 qua
706 3985 878 4050 adsuefieri
910 3985 1087 4071 possimus,
1121 4007 1158 4049 co
1186 4005 1249 4071 quo
1279 3982 1410 4063 deceat,
1437 4018 1476 4060 <-

324 4152 523 4166 U——t—-n—

397 4252 413 4315 ¹)
432 4253 469 4305 cf.
483 4253 568 4316 Plato,
580 4253 642 4320 Rep.
654 4253 734 4308 aloe.
751 4251 836 4317 403c;
850 4255 929 4322 Gorg.
942 4253 1029 4319 ulra
1042 4256 1147 4322 Protag.
1159 4253 1212 4310 513
1221 4271 1246 4305 α.

344 4367 348 4374 =
394 4338 413 4404 ²)
432 4341 471 4391 Gi.
485 4339 586 4401 Galen,
599 4340 631 4392 ds
643 4342 723 4395 valet.
735 4342 824 4394 tuend.
837 4341 872 4406 11,
885 4342 910 4395 9.
924 4339 969 4394 11.

393 4425 413 4491 ³)
432 4428 469 4478 Of.
483 4429 549 4478 Plat.
562 4427 626 4494 Rep.
638 4426 691 4484 403
703 4437 768 4481 extr.

391 4512 412 4578 ⁴)
432 4514 470 4568 Ol.
485 4515 516 4578 ἐξ
528 4513 562 4568 16
575 4520 601 4566 et
613 4514 655 4568 17.
