3156 5246
593 384 798 448 ..χρ-

115 563 283 628 Ciceronis
306 561 361 643 (δε
383 560 460 626 Not.
477 560 574 624 Deos.
591 559 618 636 I,
635 559 688 639 b):
716 555 793 642 quin
817 555 930 636 etiam,
954 556 1071 642 inquit,
1095 557 1186 622 obest
1207 559 1271 645 ple·
1358 631 1360 634 ,

113 687 250 751 rumque
272 663 310 728 iis
334 662 389 752 qui
411 661 534 726 discere
558 661 669 724 volunt
691 657 864 722 auotoritas
891 679 1001 724 eorum
1023 659 1131 746 quise
1154 660 1270 726 dooere

114 767 317 855 profitentur.
340 801 382 812 -
400 763 556 850 Voluptas
574 783 614 826 es
628 761 826 856 conscientie
839 771 968 828 nostrae
984 763 1084 850 ipsius
1106 765 1272 849 perfeetio-

114 870 165 934 nis
188 867 366 955 percipitur
377 868 410 948 ¹).
448 865 500 930 De
523 887 587 950 qua
609 875 716 927 sutem
732 863 897 948 voluptate
919 884 1006 928 nuno
1021 864 1145 952 loquar,
1169 867 1271 954 qualis

114 970 357 1054 intellegentiae
378 969 508 1055 propria
524 987 594 1030 esse
610 975 642 1030 et
657 966 698 1028 ad
714 965 939 1050 cogitationem
962 965 1079 1032 dieitur
1100 972 1272 1055 pertinere,

115 1097 158 1140 ea,
176 1072 316 1158 obtingit
337 1069 429 1136 nobis
451 1091 513 1134 non
536 1079 600 1132 tem
615 1069 744 1155 negotis
766 1066 951 1152 gerentibus
974 1091 1070 1154 quam
1093 1071 1273 1136 fruentibus

115 1176 193 1242 otio.
233 1173 305 1253 Quo
328 1173 390 1238 frui
412 1195 476 1238 non
491 1170 703 1236 nesciendum
720 1180 768 1234 est
789 1169 875 1252 (Pol.
892 1169 951 1250 lV,
971 1173 1009 1235 14
1025 1176 1140 1255 extr.):
1163 1170 1273 1255 αἴτιος

117 1273 150 1344 δ’
170 1273 189 1344 ὃ
205 1274 393 1362 νομοθέτης
408 1268 447 1341 οδ
462 1268 652 1352 παιδεύσας
668 1268 841 1340 δάνασδαι
856 1267 1039 1354 σχολάζειν.
1072 1277 1104 1341 Ν
1106 1301 1144 1342 ee
1158 1281 1273 1346 mirum

116 1379 260 1468 quodie
285 1383 345 1444 hae
366 1402 402 1443 re
424 1379 476 1442 vel
500 1379 594 1442 etiem
618 1399 775 1442 summum
797 1377 902 1460 posuit
925 1377 1131 1462 Aristoteles,
1156 1382 1275 1472 quippe

118 1484 175 1570 qui
203 1483 279 1548 inde
306 1504 350 1546 ex
371 1481 435 1546 fine
463 1481 626 1568 proposito
656 1478 916 1544 essterevomnis
941 1478 1049 1544 iubeat
1076 1482 1275 1566 legislatores
1352 1477 1355 1510 l

117 1587 371 1672 edueetoresque
395 1593 427 1648 et
449 1583 631 1668 gnbernare
658 1590 690 1645 et
712 1581 871 1646 moderari
880 1582 917 1662 ²).
948 1617 984 1628 --
1016 1583 1067 1646 De
1090 1585 1150 1649 hac
1177 1587 1277 1673 igitur

122 1709 159 1750 re
179 1688 357 1754 soeuretius
380 1697 429 1752 est
450 1685 681 1750 disserendum.

205 1895 256 1958 41.
289 1893 402 1957 Videri
431 1893 528 1956 etism
555 1899 648 1976 putat
674 1891 862 1954 Aristoteles
893 1891 1124 1958 beatitudinem
1153 1897 1185 1960 in
1214 1897 1277 1961 otio

120 1997 296 2060 consistere
329 1996 422 2078 (Eth.
446 1995 486 2060 N.
504 1993 552 2080 X,
575 1994 604 2055 7.
634 1994 781 2056 1177b4
802 1995 903 2079 sqq.):
932 1995 1014 2058 ideo
1033 2007 1184 2084 oportere
1213 2021 1277 2064 non

118 2101 225 2163 solum
248 2097 408 2182 negotiari
430 2133 467 2143 —-
497 2103 533 2160 ut
554 2095 599 2158 ito
621 2094 725 2158 dicem
755 2131 792 2140 -·-
821 2094 995 2158 sedetiam
1019 2097 1112 2162 otiari
1134 2100 1279 2165 homines

121 2189 251 2262 dissent
273 2198 435 2280 (P01.1V‚
455 2199 502 2261 14.
529 2197 638 2260 1333a
652 2199 691 2260 41
716 2219 802 2284 sqq.:
830 2192 915 2262 ὥστε
937 2197 1021 2281 πρδς
1041 2196 1180 2279 τούτους
1200 2201 1279 2281 τοδς
1311 2231 1314 2238 ·

120 2297 282 2377 σιιοποδς
296 2299 354 2364 καὶ
367 2302 496 2376 παῖδας
516 2295 566 2364 ἔτι
587 2290 687 2376 ὄντας
709 2297 909 2365 παιδευτέον
925 2297 982 2364 καὶ
995 2299 1055 2378 τάς
1077 2293 1182 2381 tutae
1202 2295 1278 2391 ἡλι-

119 2401 209 2481 κίας,
230 2399 311 2469 ὅσοι
332 2401 467 2470 δέονται
489 2398 673 2484 παιδείας).
689 2437 729 2448 --
749 2402 923 2466 Versamur
945 2404 978 2465 in
998 2405 1135 2488 negotiis
1157 2416 1192 2470 ut
1214 2407 1278 2471 etio

120 2509 277 2588 fruemur,
299 2507 382 2570 sieut
403 2505 489 2568 belle
510 2505 658 2590 gerimus,
681 2527 744 2568 non
769 2503 908 2568 bellandi
932 2527 1039 2584 ceusu,
1063 2507 1118 2568 sed
1141 2529 1204 2593 quo
1227 2531 1282 2596 pa-

125 2631 195 2674 oem
217 2630 362 2695 agemus.
397 2607 542 2672 Eundem
565 2607 633 2672 fere
653 2606 847 2672 sententiam
870 2608 954 2693 apud
971 2608 1138 2672 Platonem
1161 2609 1283 2674 inveni·

124 2735 194 2776 mus
218 2713 338 2798 (Legg.
356 2711 383 2775 I.
400 2709 487 2777 6280
501 2712 565 2795 sq.)
589 2710 644 2796 qui
660 2710 874 2796 legislatorem
899 2709 1085 2794 diligentem
1108 2705 1279 2798 (ἀκριβής)

124 2813 195 2878 fieri
216 2824 327 2899 neget,
350 2812 412 2876 nisi
435 2811 461 2874 si
482 2811 584 2897 magis
607 2811 695 2897 penis
716 2814 821 2897 grstia
844 2811 974 2875 bellicas
996 2834 1048 2876 res
1071 2823 1164 2878 curet
1184 2837 1282 2901 quam

125 2915 266 2980 bellandi
288 2937 385 2980 seusa
408 2937 445 2978 ea
468 2935 551 3000 quae
573 2913 661 3000 psois
684 2924 769 2977 sunt.
814 2913 881 2979 Sed
899 2951 936 2961 —
955 2926 990 2978 ut
1013 2939 1086 2982 uum
1109 2918 1282 2983 Aristotele

125 3039 299 3105 pergemus
315 3017 404 3082 -in
421 3040 500 3102 psee
522 3026 558 3080 ut
581 3017 736 3096 vivamus,
760 3016 844 3081 bella
866 3017 937 3081 fieri
952 3041 1015 3082 non
1030 3021 1144 3107 nequit
1166 3031 1200 3085 ut
1216 3043 1283 3084 sus-

125 3119 280 3206 cipienda
299 3120 378 3201 sint,
405 3141 467 3183 noe
487 3119 553 3198 ullo
576 3118 671 3184 modo
695 3119 764 3182 sine
787 3121 916 3206 negotio
940 3122 1040 3186 otium
1062 3123 1183 3185 hebere
1205 3121 1284 3185 otio·

127 3245 193 3310 que
213 3224 295 3286 bene
317 3219 363 3285 uti
385 3245 553 3308 possumus
582 3222 641 3304 (ib.
658 3221 723 3303 IV,
749 3223 802 3286 15:
830 3222 976 3310 φανεράν
1005 3219 1058 3288 ὅτι
1081 3225 1134 3288 δεῖ
1150 3221 1213 3298 τάς
1235 3217 1283 3299 εἰς

125 3324 248 3412 exulto
270 3319 391 3411 άρετάς
410 3315 586 3411 ὑπάρχειν·
614 3323 710 3403 τέλος
731 3319 808 3412 γάρ,
836 3321 949 3411 ὥσπερ
971 3321 1100 3412 εἴρηται
1124 3373 1158 3389 ..
1181 3321 1281 3412 σχολὴ

122 3423 161 3494 δ’
185 3423 370 3509 ἀσχολίας).
404 3427 508 3492 Utiles
532 3435 638 3492 sutem
655 3428 696 3492 sd
714 3429 813 3495 otium
829 3439 861 3492 et
876 3429 973 3492 vitum
990 3429 1090 3491 otiose
1105 3438 1138 3492 et
1151 3439 1282 3515 optume

125 3531 309 3618 degendam
326 3526 428 3614 (πρὸς
440 3526 499 3614 τὴν
514 3523 695 3616 διαγωγήν)
708 3530 863 3593 ¹virtutum
882 3539 918 3592 et
936 3551 990 3592 eas
1013 3551 1147 3616 quarum
1168 3549 1283 3596 munus

125 3633 256 3720 (ἔργον)
283 3632 316 3696 in
339 3631 403 3696 otio
431 3641 593 3712 versetur,
619 3641 654 3694 et
684 3653 737 3695 ess
764 3629 907 3717 quaein
935 3632 1065 3716 negotio
1094 3635 1282 3720 iungentur.

128 3737 216 3802 Hine
238 3743 328 3822 petet
348 3734 603 3822 praeclarissime
625 3733 807 3798 Aristotelis
828 3735 1001 3797 sententis:
1032 3735 1153 3800 Remum
1175 3758 1283 3800 neees-

127 3838 288 3904 sarisrum
314 3836 434 3900 multae
464 3835 670 3922 suppeditent
694 3844 857 3919 oportere,
891 3845 926 3898 ut
953 3835 1047 3900 otiari
1074 3837 1195 3902 licitum
1225 3838 1283 3923 sit3

128 3941 201 4024 (δεῖ
213 3938 277 4026 γάρ
292 3936 404 4005 πολλοὶ
424 3939 489 4002 τῶν
512 3931 699 4023 άναχιιαίων
719 3930 889 4024 ὑπάρχειν,
912 3933 1005 4016 ὅπως
1022 3933 1080 4027 ἐξῇ
1095 3935 1283 4024 σχολάζειν)

130 4044 267 4110 uirtutes
294 4041 471 4130 praebeant
498 4043 588 4126 qussi
617 4041 799 4121 materiem,
836 4039 919 4105 unde
952 4043 1062 4106 otiosis
1091 4045 1284 4131 pulcerrime

130 4149 248 4212 beatae
269 4145 353 4210 vitoe
375 4145 478 4209 formu
500 4144 605 4226 (aeto)
628 4141 796 4207 efficietur.
841 4144 955 4230 Neque
986 4145 1070 4210 enim
1095 4147 1283 4214 Aristoteles
1311 4131 1315 4146 ¹

133 4303 334 4314 -—--——-—

209 4380 406 4446 poemen.
443 4355 449 4367 ’

207 4467 465 4532 ἢᾶᾒωπῆ
