3154 5252
780 397 969 460 ..4-

300 569 450 656 voluptas
472 563 639 652 (22-23),
666 587 750 655 quae
772 575 808 632 ut
830 565 1000 632 commoda
1021 565 1071 649 sit,
1096 564 1221 631 sincera
1243 572 1275 632 et
1296 585 1385 646 vera,
1408 586 1459 628 cu·

302 672 419 760 piditas
442 668 544 734 discat
567 668 684 736 rationi
700 691 814 756 parere
830 667 992 750 (tr-25).
1029 667 1111 734 Inde
1132 690 1283 734 mensura
1298 676 1331 732 et
1345 688 1461 732 norma

302 773 503 861 accipiuntur
526 770 612 858 (26),
641 771 757 858 quibus
780 770 930 836 adhibitis
952 771 1047 836 homo
1071 793 1147 836 vere
1168 770 1238 836 fieri
1260 778 1367 856 potest
1389 791 1461 856 pro-

302 877 362 942 bus
386 873 613 958 (σπουδαῖος);
642 896 705 960 qua
727 875 858 938 notione
886 872 1079 960 explicanda
1101 873 1170 959 (27)
1192 873 1234 938 ad
1257 870 1460 938 consideran-

302 980 377 1045 dam
392 979 541 1043 virtutem
557 976 711 1042 moralem
727 974 873 1040 ducimur
888 975 969 1061 (28).
995 974 1082 1041 Huic
1096 974 1159 1040 tria
1173 975 1282 1041 insunt
1296 981 1461 1040 momenta
1491 1013 1509 1032 ..

301 1081 471 1167 (29-31),
495 1102 631 1166 quorum
655 1077 812 1144 extortio
836 1077 877 1142 ad
900 1075 1163 1144 consuetudinem
1186 1076 1461 1143 exercitationem-

303 1207 365 1272 que
386 1192 422 1248 ut
443 1181 562 1248 veritas
584 1180 722 1268 ideoque
744 1179 890 1245 doctrina
912 1179 1045 1246 accedat
1066 1179 1239 1266 requiritur
1260 1179 1342 1265 (32).
1387 1177 1462 1258 Qua

302 1311 344 1352 ex
365 1308 400 1351 re
422 1283 536 1349 tertiae
560 1282 696 1370 denique
718 1283 818 1370 partis
840 1283 984 1369 sequitur
1007 1281 1173 1370 expositio.

386 1389 426 1454 In
449 1409 488 1452 ea
510 1395 627 1468 autem,
649 1385 745 1450 tertia
762 1394 855 1472 parte
870 1386 1033 1470 (33-42),
1055 1384 1194 1472 primum
1210 1383 1250 1448 de
1265 1385 1463 1466 tutellependt

305 1492 569 1576 coquosceadtque
596 1492 719 1552 ratione
750 1488 943 1575 disputatur:
976 1509 1075 1552 causa
1101 1496 1224 1571 movet3
1257 1509 1316 1574 per
1345 1507 1462 1553 causas

304 1595 455 1660 discimus
478 1589 644 1676 (33-34).
687 1589 814 1654 Deinde
838 1591 920 1657 sicut
943 1590 1104 1679 cupiundo
1127 1589 1318 1677 agendoque
1339 1589 1462 1654 bonum

304 1707 337 1761 et
356 1695 495 1777 malum,
518 1693 563 1758 sic
585 1690 746 1779 opinando
769 1692 966 1780 sciundoque
988 1715 1100 1758 verum
1127 1700 1159 1757 ct
1181 1692 1297 1756 falsum
1319 1689 1403 1754 inter
1425 1710 1462 1756 se

302 1805 509 1886 opponuntur
535 1792 702 1881 (35-36).
746 1795 812 1860 Res
839 1794 914 1860 inde
944 1817 985 1861 ex
1014 1817 1051 1862 eo
1081 1793 1167 1882 quod
1194 1813 1294 1880 penes
1321 1799 1461 1873 noscat,

303 1900 395 1986 quasi
416 1897 491 1963 inde
515 1919 556 1962 ex
578 1896 707 1962 homine
728 1896 875 1983 procedit
897 1898 977 1984 (37),
1002 1897 1057 1985 qui
1079 1920 1116 1963 eo
1139 1894 1307 1983 perveniat
1328 1915 1462 1958 neccsse

304 2011 363 2084 est,
385 2012 421 2066 ut
443 2001 476 2066 id
499 1999 585 2087 quod
601 1998 748 2064 absolute
762 1999 882 2064 bonum
897 2021 936 2063 ac
954 2022 1067 2065 verum
1083 2007 1142 2081 est,
1166 2019 1207 2064 ex
1219 1997 1351 2084 propria
1365 1995 1463 2061 animi

302 2113 418 2170 natura
444 2103 514 2190 ipse
543 2101 604 2168 sibi
632 2111 664 2166 et
691 2101 813 2165 bonum
840 2110 873 2166 et
897 2123 1011 2166 verum
1037 2101 1155 2166 habeat
1182 2099 1264 2184 (38).
1308 2099 1382 2164 Hac
1407 2099 1463 2163 via

302 2206 395 2272 nobis
419 2229 492 2272 cum
511 2205 552 2270 ad
568 2202 693 2291 optumi
716 2202 905 2290 cuiusquam
927 2203 1159 2290 perfectionem
1182 2211 1214 2266 et
1227 2200 1462 2268 absolutionem

302 2320 370 2376 tum
399 2308 441 2372 ad
473 2304 682 2393 intellegendi
720 2304 987 2391 perspicuitatem
1022 2305 1234 2393 intuendique
1267 2304 1461 2370 evidentiam

303 2409 580 2501 progrediundum
596 2417 646 2472 est
660 2405 738 2489 (39).
771 2407 1011 2492 Progressionis
1026 2407 1179 2474 indicium
1194 2409 1228 2472 in
1242 2408 1314 2494 ipsa
1336 2407 1461 2472 actione

303 2513 480 2580 consistere
502 2508 682 2576 ostenditur
697 2508 775 2594 (40),
798 2529 882 2593 quae
904 2509 946 2574 sit
961 2510 1034 2576 talis
1050 2512 1153 2598 qualis
1175 2534 1300 2576 summa
1321 2510 1460 2592 demum,

303 2625 336 2681 et
366 2637 405 2680 ea
432 2613 564 2702 quidem
591 2619 797 2697 optumarum
822 2631 932 2676 rerum
959 2613 1142 2700 occupatio,
1175 2613 1230 2678 otii
1262 2609 1457 2696 voluptatem

301 2717 471 2783 fruendam
503 2714 658 2802 praebeat
680 2713 764 2800 (41),
796 2711 881 2778 unde
910 2712 1005 2780 altius
1032 2715 1136 2802 possit
1163 2715 1270 2782 divina
1299 2709 1457 2799 quaedam

304 2842 400 2906 quam
422 2817 563 2883 maxime
583 2836 697 2902 sapere
720 2815 798 2898 (42).

387 2919 438 2984 Ad
460 2917 558 2984 libelli
589 2917 826 2984 conclusionem
856 2919 968 3005 paucis
997 2919 1200 2986 lineamentis
1223 2919 1350 3007 singula
1370 2939 1464 3006 quae·

306 3023 379 3088 dam
400 3022 434 3087 in
456 3019 591 3108 singulis
607 3019 783 3106 disciplinis
798 3021 1029 3088 adumbrantur
1044 3022 1211 3108 (43-49).
1245 3020 1465 3109 Dispositione

305 3127 392 3192 facta
414 3122 493 3210 (43),
517 3131 688 3210 postquam
709 3122 848 3210 primum
871 3123 911 3188 de
932 3133 1000 3189 arte
1022 3126 1225 3212 gymnastica
1240 3123 1319 3212 (44),
1341 3122 1466 3189 musica

305 3229 390 3315 (45),
412 3225 626 3315 grammatica
647 3234 680 3289 et
700 3226 858 3312 graphica
880 3225 951 3312 (46)
974 3226 1172 3314 disputatum
1194 3237 1257 3312 est,
1284 3225 1402 3292 deinde
1425 3225 1466 3291 de

305 3329 477 3396 virtutibus
506 3326 681 3394 moralibus
711 3328 797 3414 (47),
826 3328 867 3394 dc
902 3327 1045 3394 scientiis
1075 3339 1108 3395 et
1132 3329 1233 3395 literis
1261 3326 1333 3414 (48)
1359 3349 1467 3418 panca

307 3433 479 3520 quaedam,
503 3429 610 3519 quoad
632 3431 696 3495 huc
717 3430 893 3517 pertinent,
922 3430 1125 3515 adferuntur,
1153 3443 1189 3499 ut
1211 3455 1285 3498 cum
1306 3429 1467 3517 sapientia

307 3535 445 3622 denique
472 3533 505 3600 in
534 3533 598 3600 fine
626 3541 773 3624 spectata
800 3531 870 3619 (49)
901 3533 1066 3621 proposito
1094 3534 1295 3602 satisfactum
1324 3553 1394 3598 esse
1421 3530 1468 3595 vi-

309 3637 433 3703 deatur.

390 3779 421 3828 In
445 3777 512 3829 locis
533 3777 673 3830 laudandis
698 3777 750 3828 duo
773 3777 898 3830 evitanda
921 3777 1092 3829 videbantur:
1119 3777 1232 3829 alterum
1254 3793 1288 3829 ne
1312 3776 1422 3828 lectores
1451 3791 1469 3826 o

308 3868 433 3915 contextu
451 3865 557 3932 saepius
575 3866 702 3917 aliorsum
719 3866 870 3930 conspicere
887 3870 1051 3932 cogerentur,
1069 3866 1182 3918 alterum
1199 3881 1233 3916 ne
1251 3865 1330 3916 iidem
1348 3864 1469 3916 locorum

308 3951 521 4003 conferendorum
540 3953 612 4002 etin
630 3953 688 4018 ipso
706 3958 832 4004 contextu
850 3953 1062 4020 significatorum
1073 3952 1244 4004 multitudine
1255 3953 1367 4002 nimium
1385 3952 1469 4001 inter-

308 4039 371 4090 dum
392 4039 588 4106 impedirentur.
624 4040 716 4106 Itaque
738 4040 852 4092 mediam
876 4039 991 4105 aliquam
1016 4055 1057 4090 me
1080 4045 1195 4091 tentasse
1219 4039 1292 4090 viam
1316 4038 1406 4090 nescio
1431 4054 1470 4088 an

307 4126 411 4194 probes.
449 4125 525 4189 Quod
543 4143 605 4178 vero
624 4144 676 4194 qua
693 4129 729 4178 sit
746 4128 847 4180 ratione
864 4128 963 4180 iactum
981 4127 1106 4179 facillime
1125 4125 1301 4192 intellegatur.

764 4370 1009 4401 ...Φ-..η
