3154 5252
624 434 832 500 -4‘1..

138 605 275 696 pudoris
296 608 403 675 vulcat
425 618 459 675 et
480 607 697 698 paenitentiae
707 608 744 692 ¹),
768 614 872 672 metus
893 615 925 673 et
940 607 1010 695 spei
1035 607 1083 674 vis
1093 608 1132 692 ⁸),
1157 631 1214 701 cnr
1237 608 1305 676 laus

141 721 176 776 et
198 709 402 799 vituperatio,
426 710 573 798 praemio
596 719 628 776 et
649 730 776 798 poenae
799 708 945 774 adhiberi
967 708 1150 794 dobeont³).
1165 749 1205 760 -
1218 713 1303 778 Nam

142 812 225 879 adeo
247 837 312 879 non
335 815 417 879 levis
441 824 490 880 est
516 835 626 900 pugna
652 813 705 878 illu
734 833 795 877 nco
819 834 882 886 uno
904 813 1033 898 negotio
1058 814 1152 880 simul
1174 817 1304 882 decretu

142 924 176 980 ct
199 916 376 999 decertata,
406 926 456 1000 ut,
485 939 558 980 cum
584 915 616 979 in
646 915 843 999 perfectione
866 915 968 1000 magis
996 917 1172 1004 conpositio
1204 917 1304 984 consi-

142 1027 221 1102 stat,
244 1018 350 1084 denuo
375 1027 408 1082 ot
429 1016 657 1105 progrediundi
685 1016 772 1082 omni
795 1016 827 1082 in
849 1017 952 1102 gradu
974 1019 1042 1084 fere
1064 1019 1149 1085 idem
1171 1021 1303 1106 oriatur,

140 1140 246 1208 usquc
269 1120 346 1186 dum
368 1120 603 1192 haudmolcsta
628 1119 692 1184 sint
720 1141 758 1184 ea
786 1139 868 1205 quae
898 1120 1047 1203 deceant,
1078 1123 1197 1211 quippe
1220 1147 1303 1212 quae

141 1225 352 1290 consuefeota
372 1224 437 1288 sint
458 1217 602 1311 (συνήθη
624 1215 800 1307 γινόμενα)
823 1231 920 1308 atque
942 1223 975 1288 in
998 1222 1131 1290 alteram
1153 1237 1302 1292 naturam

143 1347 303 1392 conversa
325 1327 383 1408 (cf.
400 1326 473 1392 Eth.
489 1327 530 1392 N.
547 1326 591 1391 X.
609 1327 630 1390 l.
644 1327 665 1391 l.
681 1327 699 1388 b
714 1325 783 1406 35).
818 1324 890 1389 Hoc
914 1325 1051 1413 denique
1075 1326 1170 1394 modo
1184 1331 1304 1396 Aristo-

140 1429 226 1494 teles
248 1427 319 1492 fieri
340 1428 372 1493 id
395 1437 495 1515 putat,
518 1452 582 1517 quo
606 1427 767 1494 discordia
789 1425 918 1492 tandem
941 1429 1154 1496 commutetur
1175 1432 1208 1498 in
1231 1457 1304 1500 con·

143 1528 305 1613 cordium,
336 1530 487 1597 dissensio
516 1531 550 1597 in
573 1553 767 1598 consensum
790 1541 822 1596 ct
848 1530 880 1595 in
905 1533 1088 1598 certaminis
1112 1533 1215 1600 vicem
1238 1534 1305 1622 plu·

142 1632 229 1698 catio
259 1633 357 1720 possit
384 1633 564 1702 succedere.
609 1635 701 1717 (Eth.
724 1634 766 1698 N.
788 1633 815 1710 I,
840 1633 878 1698 13
904 1644 984 1698 extr.
1008 1637 1079 1702 coll.
1104 1636 1167 1720 IX,
1191 1639 1238 1720 4.)
1264 1675 1301 1686 -

145 1735 277 1800 Etenim
299 1759 361 1801 non
384 1746 448 1802 tam
470 1737 626 1825 supprimi
650 1760 748 1824 quum
774 1737 907 1802 rationis
932 1749 963 1802 et
985 1738 1224 1827 intellegentiae
1246 1740 1303 1807 im-

144 1839 234 1925 perio
256 1839 356 1904 teneri
378 1837 499 1904 debent
521 1839 704 1926 voluptates
727 1848 759 1904 et
781 1839 988 1927 cupiditates,
1015 1841 1087 1906 illus
1110 1865 1247 1929 regnare
1271 1854 1302 1909 et

142 1940 269 2023 ducere,
293 1941 349 2006 has
371 1963 487 2028 parere
509 1950 541 2006 et
563 1943 698 2030 obsequi
721 1943 804 2008 sicut
821 1942 855 2007 in
872 1943 1001 2008 civitate
1024 1944 1107 2010 bene
1129 1949 1302 2013 constituto

137 2041 228 2106 cives
249 2065 364 2131 parere
388 2054 421 2108 et
443 2044 578 2131 obsequi
602 2045 720 2111 debent
745 2045 981 2132 legislatoribus
1005 2059 1037 2112 et
1057 2049 1142 2135 patri
1162 2051 1302 2115 familiae

134 2144 232 2210 liberi
247 2155 280 2230 et
295 2145 389 2230 servi,
409 2184 445 2194 -
464 2143 551 2213 οὕτω
575 2147 613 2216 δὲ
625 2143 736 2214 τάττει
758 2147 815 2214 καὶ
835 2141 854 2215 ὃ
871 2143 969 2235 λόγος
991 2151 1049 2232 (ib.
1066 2151 1128 2234 III,
1148 2153 1187 2216 15
1203 2163 1301 2238 extr.;

133 2246 164 2330 I,
190 2249 240 2312 13.
273 2250 382 2313 1102u
405 2250 442 2314 16
465 2254 565 2338 sqq.).
610 2252 789 2340 Utriusque
818 2252 918 2333 enim,
949 2261 981 2317 et
1010 2252 1171 2340 adpetitus
1199 2264 1231 2320 et
1257 2257 1302 2322 in·

134 2351 298 2428 collectus,
322 2374 421 2418 unum
444 2353 571 2418 censuit
585 2355 707 2419 Noster
725 2353 929 2441 eundemque
945 2365 1093 2442 oportere
1108 2356 1205 2422 finem
1221 2379 1301 2441 esse,

136 2455 286 2540 pulcrum
298 2454 376 2522 illud
387 2452 531 2537 (σκοπὸς
545 2450 606 2544 γάρ
619 2451 746 2546 ἀμφοῖν
756 2457 795 2526 τό
807 2453 937 2542 καλόν),
950 2482 991 2523 cx
1004 2459 1092 2524 cuius
1104 2461 1302 2546 perfectione

141 2566 262 2623 rectem
285 2559 485 2646 voluptatem
507 2570 539 2624 et
553 2583 664 2626 veram
686 2560 911 2649 percipiamus,
935 2584 1007 2626 cum
1031 2561 1159 2648 quidem
1183 2565 1302 2630 conscii

140 2661 233 2727 nobis
262 2663 362 2727 simus
389 2672 516 2728 nosmet
548 2663 636 2750 ipsos
673 2664 799 2751 agendo
832 2675 864 2730 ct
890 2664 1091 2730 informando
1119 2665 1231 2752 perfici
1261 2667 1302 2733 ad

137 2765 283 2849 speciem
314 2765 403 2830 illum
429 2787 518 2830 moro
552 2766 683 2832 artificis
715 2767 927 2856 propositam,
957 2767 989 2831 h.
1013 2790 1040 2832 e.
1070 2777 1105 2832 nt
1133 2768 1195 2834 ulio
1229 2771 1301 2837 loco

138 2866 238 2949 (Met.
253 2867 352 2950 XIII,
376 2869 405 2934 3.
432 2869 545 2934 1078u
559 2869 600 2933 36
620 2872 684 2957 sq.)
711 2871 901 2952 invenimus,
925 2871 1000 2953 (τοῦ
1022 2871 1127 2937 καλοῦ
1148 2867 1237 2959 εἴδη)
1261 2874 1303 2938 ad

138 2970 287 3036 ordinem
304 2965 446 3053 (τάξιν),
474 2972 713 3059 proportionem
737 2969 987 3061 (συμμετρίαν),
1016 2975 1133 3060 singuli
1163 2976 1301 3064 denique

135 3074 234 3138 unius
257 3074 410 3160 cuiusque
433 3075 609 3158 (nostrum)
637 3077 677 3142 ad
707 3077 871 3142 definitum
901 3089 931 3142 et
958 3078 1123 3167 propriam
1152 3090 1300 3146 naturam

135 3173 194 3260 (τό
218 3168 429 3267 ὡρισμένον).
460 3215 496 3224 -
527 3178 612 3243 Hinc
630 3179 765 3246 demum
792 3180 899 3245 unitus
926 3180 983 3245 illa
1010 3183 1152 3247 nascitur
1175 3205 1259 3269 quae
1282 3207 1302 3248 a

131 3280 296 3368 principio
320 3280 517 3346 educationis
541 3282 670 3348 moralis
692 3305 837 3348 mensuro
865 3283 1014 3350 habenda
1037 3294 1093 3348 est.
1122 3323 1160 3332 —-
1190 3288 1220 3349 A
1249 3309 1300 3349 nn·

132 3384 319 3456 turapenim
339 3383 405 3448 vim
428 3405 466 3449 ue
488 3393 681 3471 potestatem
705 3387 868 3453 ducimus:
891 3409 1040 3452 mensura
1062 3409 1081 3450 a
1103 3396 1209 3451 mente
1231 3409 1301 3475 pro·

132 3485 305 3551 ficiscitur:
326 3487 412 3551 unde
429 3510 581 3553 eumuna
597 3513 668 3555 cum
684 3502 800 3557 natura
824 3513 914 3558 mens
930 3490 1129 3571 informetur,
1152 3490 1300 3577 pulcrum

134 3587 279 3655 efficitur
301 3587 354 3671 (τὰ
377 3585 515 3673 καλόν),
538 3590 571 3654 in
595 3592 681 3678 quod
703 3593 883 3676 intuentes,
906 3631 948 3641 -
970 3603 1006 3658 ut
1029 3616 1100 3658 cum
1124 3593 1300 3658 Aristotele

132 3695 268 3779 loquar,
291 3693 429 3758 -boni
453 3692 591 3758 artifices
614 3706 803 3782 operantur,
835 3706 871 3761 ut
897 3719 976 3784 opus
1006 3697 1088 3762 bene
1116 3697 1301 3784 perficietur

133 3797 232 3881 (mh.
249 3797 292 3862 N.
309 3796 354 3879 II,
370 3797 400 3860 5.
428 3797 534 3863 1106o
550 3797 569 3861 9
586 3820 673 3884 sqq.:
698 3794 731 3864 οἱ
752 3795 786 3866 δ’
811 3793 941 3886 ἀγαθοὶ
961 3803 1113 3882 τεχνῖται,
1138 3795 1183 3880 ὡς
1205 3800 1299 3889 λέμο-

131 3923 207 3985 μεν,
230 3898 316 3988 πρὸς
337 3901 435 3966 τοῦτο
459 3897 640 3982 βλέποντες
662 3897 884 3989 ἐργάζονται).
904 3941 939 3950 -
957 3904 1144 3970 Mensorum
1166 3927 1244 3970 vero
1268 3917 1299 3972 et

133 4003 301 4069 modulum
324 4027 421 4070 unum
447 4004 599 4070 docemur
623 4028 693 4072 esse
714 4017 746 4072 et
761 4007 952 4095 principium
977 4009 1112 4097 (μέτρον
1129 4059 1136 4075 .
1152 4059 1159 4075 .
1175 4007 1215 4077 τὸ
1239 4007 1298 4092 ἓν),

134 4127 202 4194 quo
224 4107 327 4194 primo
350 4105 512 4194 singulum
536 4109 687 4197 quodque
710 4121 922 4199 cognoscatur
953 4100 994 4201 (ᾧ
1017 4110 1139 4204 πρώτῳ
1162 4113 1299 4182 ἕκαστον

214 4358 232 4423 ¹)
252 4359 312 4410 mh.
325 4359 355 4412 N.
370 4361 414 4426 IV,
428 4359 463 4415 15
473 4362 510 4415 in.
529 4360 578 4424 111,
591 4359 615 4415 2.
636 4359 729 4416 1110o
743 4361 758 4414 1
772 4375 809 4428 sq.

211 4445 288 4512 un.
301 4463 323 4500 ο.
336 4447 360 4502 s.
381 4447 473 4503 111sa
487 4450 521 4506 10
534 4466 588 4516 sqq
610 4448 650 4503 11.
671 4447 842 4517 1107a9sq.
897 4431 903 4448 '

211 4535 230 4598 ν)
250 4536 287 4589 n.
301 4538 346 4604 nr,
359 4537 383 4592 1.
403 4536 545 4595 nrosso
560 4539 621 4592 eon.
633 4539 669 4604 x,
682 4537 724 4594 1o.
744 4537 932 4606 nutent.
