3154 5252
773 467 810 476 -
855 427 897 492 ffi
943 466 979 476 -

297 621 347 663 an.
364 599 428 679 ΠΙ,
445 601 494 664 10.
518 600 755 683 433126-10).
794 599 910 687 Itaque
928 597 1075 666 dubitare
1091 623 1155 666 non
1172 623 1351 688 possumus,
1377 599 1454 688 quin

296 701 347 766 vcl
371 713 500 790 optume
524 703 620 768 etiam
644 703 683 768 de
707 701 813 789 pueris
837 700 1006 765 dicendum
1030 702 1084 786 sit,
1117 703 1201 791 quod
1225 703 1311 791 apud
1334 703 1458 768 Aristo-

294 805 391 870 telem
415 804 476 868 alio
498 805 568 869 loco
587 804 620 869 in
636 805 820 870 universum
843 803 883 867 de
907 804 1053 868 omnibus
1075 805 1186 888 fertur,
1210 805 1265 892 qui
1287 805 1456 893 perturba-

295 906 434 972 tionibus
454 905 552 971 dcditi
567 907 666 972 vitam
683 908 805 994 degunt
827 900 955 988 (πάθει
979 905 1123 993 ζῷντες).
1143 945 1179 954 -—
1197 908 1352 994 Persequi
1369 908 1455 974 enirn

296 1008 487 1075 domesticas
511 1010 659 1076 dicuntur
674 1010 855 1096 voluptates
884 1020 915 1074 et
939 1031 977 1074 ea
999 1010 1084 1075 unde
1113 1011 1298 1097 pariantur,
1329 1010 1456 1076 dolores

267 1123 278 1152 ⁰
296 1122 402 1178 autern
414 1112 462 1176 his
472 1112 568 1177 rebu's
581 1112 758 1178 contrarias
771 1113 957 1198 perfugere:
974 1122 1115 1178 attamen
1129 1113 1195 1178 eius
1209 1113 1295 1199 quod
1307 1113 1456 1199 pulcrum

296 1216 446 1305 quodque
461 1237 537 1280 vere
552 1215 726 1282 iucundum
745 1225 794 1280 cst
816 1217 892 1297 (rori
913 1215 1018 1282 καλοῦ
1039 1215 1095 1281 καὶ
1117 1209 1255 1302 ἀληθῶς
1275 1209 1389 1303 ἡδέος)
1413 1239 1455 1280 ne

294 1321 456 1384 notionem
486 1317 614 1404 quidem
642 1318 755 1382 animis
783 1319 921 1398 habere,
950 1319 1098 1384 nimirum
1129 1320 1217 1385 cuius
1252 1319 1454 1384 dulcedinem

197 1489 200 1497 ,
294 1445 357 1487 non
381 1445 533 1509 umquam
558 1421 760 1506 degustarint
783 1413 955 1508 (ἄγευστοι
978 1413 1085 1502 ὄντες)
1109 1423 1166 1502 (cf.
1183 1422 1259 1488 Eth.
1276 1423 1318 1486 N.
1342 1422 1385 1504 X,
1404 1423 1455 1486 10.

297 1525 402 1590 1179b
421 1525 486 1606 14).
531 1525 736 1588 Domesticae
759 1519 913 1608 (οἰκεῖαι)
937 1536 1094 1590 vocantur
1117 1524 1308 1611 voluptates,
1331 1548 1368 1590 eo
1389 1526 1457 1612 qui-

295 1628 368 1693 dem
402 1649 498 1693 sensu
530 1650 593 1714 quo
622 1627 687 1692 iam
714 1649 811 1714 supra
838 1628 951 1694 alienis
986 1621 1197 1712 (ἀλλότριαι)
1232 1639 1455 1715 opponuntur:

294 1731 374 1796 haee
391 1752 432 1794 ex
447 1729 572 1794 intuma
587 1730 740 1816 cuiusque
756 1730 895 1795 viventis
911 1741 1027 1795 natura
1043 1751 1277 1818 munerumque
1291 1731 1455 1796 functione

294 1835 411 1915 enasci,
433 1832 507 1898 illae
526 1842 689 1918 tamquam
705 1832 904 1897 extrinsecus
920 1831 1072 1896 advenire
1087 1831 1250 1897 videntur:
1273 1833 1358 1899 unde
1382 1853 1456 1897 can-

294 1937 368 2001 dem
390 1935 473 2000 inter
496 1957 541 2017 se,
570 1955 653 2022 quae
680 1935 809 2000 omnino
839 1935 923 2000 inter
953 1935 1134 2022 voluptates
1158 1945 1189 1999 et
1212 1935 1338 2000 dolores
1360 1935 1456 1999 inter-

295 2038 394 2118 cedit,
429 2037 586 2104 rationem
619 2046 795 2125 sequuntur
829 2037 920 2120 (Eth.
948 2039 989 2103 N.
1015 2038 1059 2120 X,
1088 2038 1118 2101 ὁ.
1155 2040 1319 2106 1115120
1342 2039 1405 2126 sq.)
1428 2039 1454 2119 ).

292 2141 479 2208 Honestatis
492 2142 585 2228 quasi
597 2140 637 2205 ad
649 2143 770 2204 fontem
782 2139 934 2227 respicias
943 2142 1049 2221 velim,
1062 2141 1104 2206 ad
1117 2142 1292 2207 formarum
1304 2143 1452 2222 formam,

292 2244 378 2311 undo
390 2244 486 2310 etiam
504 2243 630 2309 virtutis
643 2245 786 2308 exoritur
795 2243 832 2325 ²).
850 2282 886 2292 -
901 2244 974 2310 Hac
986 2266 1062 2309 vcro
1080 2244 1210 2332 propria
1222 2267 1259 2311 ac
1273 2244 1453 2310 domestica

293 2349 475 2435 voluptate,
504 2369 569 2434 qua
597 2345 629 2411 id
656 2348 845 2433 praesertim
873 2346 959 2434 quod
987 2345 1106 2434 singuli
1134 2348 1289 2435 cuiusque
1316 2346 1455 2413 hominis

293 2451 454 2536 singulare
476 2473 514 2514 ac
542 2449 703 2536 peculiare
732 2459 780 2514 est
813 2449 968 2514 contineri
998 2449 1159 2529 videmus,
1186 2451 1366 2516 timendum
1395 2462 1454 2534 est,

292 2577 334 2619 no
357 2577 517 2620 summum
547 2549 627 2616 illud
654 2574 692 2616 ac
714 2551 870 2634 divinum,
905 2551 991 2640 quod
1022 2554 1169 2620 universe
1197 2554 1294 2619 totius
1322 2553 1452 2636 generis

292 2658 422 2722 humani
444 2655 610 2744 proprium
633 2663 681 2718 est
704 2654 930 2742 exstinguatur
952 2666 1049 2744 atque
1073 2657 1279 2745 opprimatur.
1320 2651 1380 2717 Oui
1403 2652 1451 2715 rei

293 2762 378 2848 quod
395 2760 588 2824 eontrarium
605 2767 653 2822 est
668 2759 862 2846 exemplum,
875 2759 1107 2845 Epicureorum
1125 2759 1244 2843 cogites
1261 2753 1447 2818 doctrinam.

296 2901 332 2914 -
363 2861 456 2941 Quae
483 2884 555 2927 cum
583 2861 628 2924 ita
658 2859 721 2924 sint
748 2861 937 2930 educatores
966 2873 998 2928 et
1025 2863 1174 2939 artifices,
1208 2856 1323 2921 melius
1353 2858 1450 2922 etiam

293 2989 390 3053 quam
413 2965 566 3044 medicos,
589 2964 756 3028 materiem
778 2964 816 3028 iis
840 2966 991 3032 traditam
1014 2977 1046 3031 et
1068 2982 1223 3050 cognosse
1244 2982 1379 3026 necesse
1403 2971 1452 3025 est
1569 2939 1570 3006 i

294 3079 325 3134 et
348 3067 509 3154 cognitam
525 3067 607 3132 scire
624 3087 719 3153 quem
735 3066 776 3130 ad
791 3069 921 3134 modum
936 3069 1018 3134 bene
1034 3073 1187 3132 tractetur
1210 3062 1268 3145 (ib.
1283 3063 1310 3144 I,
1326 3063 1366 3126 13
1377 3063 1449 3145 im).

292 3173 408 3260 Neque
430 3169 571 3257 ignorari
595 3168 709 3253 debet,
736 3171 847 3257 quanti
871 3193 953 3258 quae
975 3171 1037 3234 hue
1059 3167 1231 3247 accedunt,
1264 3167 1452 3230 affectiones

293 3271 424 3363 (πάθη)
449 3272 610 3360 animique
632 3273 899 3360 perturbationes,
923 3283 958 3338 ut
980 3271 1136 3358 cupiditas
1160 3264 1380 3352 (ἐπιθυμία),
1401 3269 1452 3332 ira

294 3390 325 3444 et
344 3379 448 3459 timor,
470 3375 601 3456 invidia,
624 3374 755 3458 laetitia,
779 3399 877 3459 amor,
900 3375 1017 3457 odium,
1042 3373 1245 3454 desiderium,
1269 3372 1451 3452 aemulatio,

293 3478 522 3561 misericordia,
540 3517 576 3527 -
596 3474 682 3557 ὅλως
697 3467 749 3557 οἷς
764 3477 881 3544 ἕπεται
901 3470 1006 3566 ἡδονὴ
1022 3471 1043 3566 ἢ
1060 3470 1148 3563 λύπη
1165 3514 1203 3522 -
1222 3475 1279 3559 (ib.
1292 3476 1338 3558 II,
1353 3476 1374 3539 4
1389 3476 1451 3557 in.)

293 3583 445 3658 momenti
469 3583 545 3647 sint:
572 3604 655 3668 quae
680 3583 825 3670 quamvis
853 3581 915 3647 sint
941 3585 1032 3671 ipsae
1054 3603 1112 3670 per
1134 3603 1169 3646 se
1191 3603 1252 3645 nec
1273 3576 1453 3644 laudabiles

292 3711 353 3753 nec
376 3685 613 3774 vituperabiles,
635 3695 743 3750 tamen
767 3686 846 3750 tales
869 3695 904 3750 ut
925 3685 1005 3749 fiant
1020 3671 1165 3766 efficitur,
1189 3705 1248 3769 pro
1271 3705 1308 3746 eo
1332 3691 1366 3746 ut
1388 3681 1454 3745 buc

293 3816 334 3857 an
354 3791 439 3872 illuc,
463 3788 503 3852 ad
524 3788 683 3878 adpetitus
699 3813 740 3853 an
754 3789 945 3872 intellectus,
968 3787 1119 3855 lubidinis
1134 3809 1175 3851 an
1190 3785 1365 3850 honestatis
1380 3805 1455 3871 par·

293 3907 358 3961 tem
381 3904 583 3959 accesserunt
591 3892 629 3972 ³).
648 3929 683 3936 —
702 3891 768 3973 (Of.
783 3893 805 3956 l.
822 3893 843 3956 l.
864 3893 971 3958 11051
987 3875 1104 3958 28-2a
1118 3891 1167 3970 4.)
1185 3926 1221 3938 -
1240 3889 1292 3952 De
1314 3886 1452 3952 materie

294 4009 326 4064 et
341 3999 509 4062 formares
526 3993 645 4080 agitur:
669 4016 732 4080 qua
747 3995 779 4060 in
795 3994 918 4061 ratione
933 3994 1120 4060 Aristoteles
1137 4015 1199 4058 non
1216 3989 1327 4071 nescit,
1352 4012 1453 4076 quan-

294 4113 361 4168 tum
387 4121 515 4189 quoquc
546 4096 578 4160 in
606 4097 748 4163 moribus
775 4107 808 4164 et
834 4097 1078 4181 consuetudine,
1113 4104 1148 4160 ut
1175 4103 1264 4158 recte
1291 4091 1450 4177 vivamus,

366 4349 527 4419 *mmm

365 4435 656 4507 anamma.

366 4527 386 4594 ³)
404 4528 443 4585 Ol.
458 4528 595 4594 §12extn
